3020 4756
700 355 857 406 ..9-

230 528 408 612 genetivum
432 524 558 591 differre
584 524 686 591 noluit
708 523 921 590 Buechelerus
946 523 1033 590 anth.
1056 523 1110 588 lat.
1134 541 1180 606 ep.
1207 541 1290 604 spec.
1312 524 1329 588 Ι

228 637 307 721 (ind.
328 638 402 704 lect.
423 639 502 702 aest.
525 633 644 720 Gryph.
671 635 764 713 1870)
788 653 838 715 pg.
862 636 891 699 5.
935 634 1041 714 Atque
1071 634 1173 715 primo
1201 631 1328 699 saeculo

228 768 281 816 eos
302 750 452 812 exaratos
474 763 543 811 esse
566 744 732 823 quominus
750 744 915 810 credamus
933 742 971 807 Ο.
987 742 1116 807 Kellero
1130 742 1162 807 in
1177 742 1327 810 Fleckeis.

227 877 301 923 ann.
327 857 408 922 1878
429 873 481 938 pg.
504 853 690 919 6114111111
713 873 753 917 an
776 852 958 918 dissuadeat
980 853 1084 932 ipsum
1109 852 1190 917 illud
1203 870 1327 934 compo·
1422 864 1424 867 ’

227 969 327 1033 situm
346 963 478 1047 plenius,
500 965 595 1046 quale
609 967 684 1029 ante
699 962 897 1028 Hadrianum
909 980 1101 1044 quemquam
1116 959 1328 1042 1111111111-

228 1078 361 1144 suadere
393 1075 469 1139 mihi
501 1093 563 1138 noo
586 1091 730 1155 possum3
765 1071 929 1139 dissuadet
953 1076 1038 1138 certe
1062 1071 1199 1137 varietas
1221 1090 1329 1138 nurne-

227 1206 342 1254 rorum.
387 1189 434 1251 An
457 1185 537 1252 illud
559 1185 591 1250 11
614 1185 785 1265 superioris
808 1183 925 1249 ordinis
954 1183 1081 1248 homine
1104 1183 1329 1250 condonaveris

228 1298 357 1380 linguae
381 1295 544 1362 inscitiae?
574 1293 623 1360 Ab
646 1294 700 1359 illo
722 1299 828 1358 aetate
846 1292 982 1359 fortasse
1004 1310 1065 1358 non
1080 1292 1215 1358 multum
1231 1292 1330 1359 distat

227 1407 419 1490 Symposius,
451 1404 502 1470 oui
524 1404 644 1485 placuit
666 1402 926 1468 raucisonans
949 1401 1051 1482 aenig.
1076 1403 1124 1477 19,
1159 1402 1186 1466 1.
1219 1402 1271 1485 (Α.
1291 1403 1327 1467 L.

228 1518 299 1595 286,
323 1516 396 1596 12),
429 1514 513 1595 quod
545 1514 687 1580 codicum
722 1529 878 1581 consenso
912 1515 1017 1576 tutum
1045 1529 1209 1591 —neque
1244 1512 1328 1577 enim

228 1626 401 1709 quidquam
413 1626 511 1693 refert
524 1627 608 1708 qnod
623 1624 755 1709 praebet
775 1624 990 1691 Salmasianus
1005 1644 1124 1693 rauca
1139 1644 1278 1693 sonans
1288 1663 1326 1673 -

228 1737 426 1803 disiunxerat
456 1736 629 1803 Muellerus
660 1736 681 1801 1.
704 1735 734 1808 l„
768 1736 890 1819 accepit
916 1738 948 1802 in
970 1735 1121 1804 Fleckeis.
1150 1755 1222 1802 ann.
1247 1739 1327 1804 1866

226 1864 278 1929 pg.
302 1846 372 1910 267.
403 1845 472 1911 Η11
495 1846 528 1910 11
550 1864 584 1911 11
607 1846 768 1926 conspirat
789 1844 972 1927 Symposius
993 1865 1063 1912 cum
1086 1846 1205 1912 saeculi
1220 1847 1327 1926 quarti

227 1953 417 2034 christianis,
450 1952 481 2017 id
514 1955 596 2034 quod
626 1953 753 2018 omnino
776 1955 905 2036 negavit
927 1954 1099 2020 Muellerus
1119 1953 1138 2020 l.
1158 1954 1179 2020 1.
1203 1973 1255 2037 pg.
1277 1956 1328 2039 55,

227 2065 302 2130 item
324 2082 396 2128 cum
419 2062 549 2128 Avieno.
593 2063 660 2130 Hos
692 2064 775 2129 enirn
807 2082 879 2128 cum
911 2064 1014 2128 multa
1041 2063 1328 2130 vetustissimorum

231 2172 373 2256 pleniora
395 2171 559 2255 repetiisse
581 2178 648 2237 tum
672 2191 756 2238 nova
776 2171 869 2257 plura
890 2171 1076 2239 confinxisse
1095 2171 1204 2254 paucis
1218 2172 1327 2237 adum·

228 2281 332 2348 bravit
348 2280 523 2347 Muellerus
535 2286 568 2346 et
578 2283 667 2348 nobis
680 2281 711 2346 in
724 2282 857 2364 singulis
871 2281 1044 2348 versaturis
1061 2282 1185 2365 plenius
1195 2279 1328 2363 patebit.

331 2390 477 2457 Ceterum
511 2411 551 2457 ex
583 2392 708 2456 illorum
743 2412 873 2459 numero
901 2394 1081 2475 excipienda
1109 2397 1184 2459 sunt
1204 2394 1328 2473 quae'a

227 2501 382 2567 numerali
416 2501 569 2582 incipiunt
601 2501 650 2567 vel
678 2503 820 2582 prosario
841 2503 895 2568 vix
917 2504 1104 2584 effugienda.
1148 2503 1191 2567 Et
1212 2501 1327 2567 iniuste

227 2612 392 2694 discerpsit
426 2610 462 2676 L.
485 2611 657 2677 Muellerus
689 2630 741 2693 pg.
763 2614 824 2677 382
858 2611 941 2693 quod
962 2618 1036 2693 post
1057 2610 1238 2679 Lucretium
1261 2611 1325 2676 vol·

226 2721 314 2802 gavit
327 2718 585 2786 ValerinsFlacc.
599 2719 634 2799 V,
648 2720 708 2784 247
732 2722 963 2787 omnituens.
1007 2720 1069 2786 Sed
1091 2719 1325 2787 animadvertas

227 2828 406 2895 huiusmodi
426 2847 506 2893 nova
527 2829 650 2893 nullum
673 2835 747 2910 post
767 2830 949 2896 Lucretium
973 2829 1168 2896 confinxisse.

327 2939 424 3002 Porro
455 2939 546 3005 metri
570 2938 685 3019 'gratia
715 2944 748 3004 et
768 2940 835 3004 vioe
856 2938 1144 3004 tritissimacuoois
1166 2939 1324 3020 Vergilius

202 3046 350 3132 ‘videtur
373 3048 504 3114 iterasse
525 3083 563 3093 -
587 3051 636 3113 est
668 3049 750 3112 enim
786 3040 957 3130 genuinum
982 3082 1020 3094 -
1049 3047 1152 3114 adhuc
1178 3049 1322 3131 ignotum

225 3154 456 3238 navifragus
491 3156 631 3239 Scylacei
665 3156 826 3239 epitheton
859 3158 896 3222 Α.
919 3156 976 3236 llI,
1011 3157 1082 3235 553,
1115 3157 1199 3237 quod
1228 3158 1325 3240 epicis

225 3265 379 3347 imprimis
401 3265 513 3331 abhinc
531 3271 580 3331 est
601 3270 738 3349 gratum,
763 3284 823 3331 non
847 3268 952 3333 tamen
975 3266 1058 3345 solis,
1091 3272 1126 3331 111
1149 3267 1251 3332 visum
1276 3272 1325 3332 est

225 3372 349 3440 Koeoio
373 3374 412 3440 de
434 3375 509 3456 ling.
532 3375 609 3455 cpio.
633 3394 686 3458 pg.
708 3378 780 3440 283.
824 3375 884 3440 Sed
916 3376 1013 3458 digna
1046 3394 1096 3441 res
1124 3380 1174 3441 est
1200 3376 1232 3440 in
1260 3393 1324 3456 qua

223 3482 343 3550 diutius
376 3501 543 3563 moremur,
577 3503 617 3549 11
648 3484 731 3551 111111
763 3484 926 3566 compositi
950 3484 1098 3551 mobilem
1126 3503 1193 3551 esse
1215 3488 1325 3550 1111-

225 3592 342 3658 tionem
375 3599 408 3659 et
440 3594 621 3673 prosodiam
655 3593 827 3659 multorum
848 3593 1059 3661 inveterascat
1077 3612 1174 3660 error.
1218 3596 1325 3677 Atque

225 3703 434 3783 compositum
465 3704 518 3782 qui
546 3709 619 3784 post
639 3704 813 3788 Vergilium
845 3703 1010 3783 admisere,
1044 3704 1248 3770 memorabile
1276 3710 1324 3770 est

225 3820 356 3877 cunctos
388 3817 534 3893 correpta
563 3813 678 3893 ubique
703 3811 825 3893 syllaba
853 3811 955 3876 altera
980 3813 1026 3876 ita
1048 3812 1246 3879 substantivo
1268 3815 1323 3880 ad-

224 3938 356 3999 ponere,
392 3927 427 3986 ut
445 3924 580 3987 activam
604 3923 852 4005 genuinamque,
888 3940 969 4003 quae
991 3924 1149 3989 rarissime
1172 3925 1323 3991 tribuitur

225 4029 855 4115 1111111111),11111111111111111111.
899 4031 981 4099 Sunt
1014 4052 1088 4099 vero
1118 4034 1248 4100 Ovidius
1278 4037 1321 4103 M.

225 4185 424 4195 -———-—-—.

326 4265 351 4333 1)
368 4265 447 4333 Quod
465 4267 576 4335 passivo
594 4283 676 4323 111111
693 4250 803 4340 semper
823 4271 903 4341 ponit
916 4270 1063 4343 Vergilius,
1083 4270 1319 4329 Ovidiusdeoiens
