3020 4756
682 302 858 353 -35..

218 472 447 537 flammivomus
462 472 571 537 Avieni
596 474 797 553 cauricrepus
818 472 943 537 Paulini
959 476 1173 540 omnimedens
1195 476 1321 540 omnino

219 585 327 646 carent
358 581 469 663 prioris
492 587 604 662 poetae
628 583 785 663 exemplo;
826 581 904 648 haec
926 584 1010 648 enim
1035 585 1132 649 verba
1154 584 1235 650 alius
1259 603 1321 650 nou

218 690 382 755 subiunxit
401 691 527 755 nomini.

318 800 386 864 Iam
409 815 483 862 vero
505 799 637 878 adparet
658 799 948 865 vetustissimorum
970 800 1073 881 magis
1087 819 1183 881 quam
1203 802 1322 883 Vergili

218 907 371 988 Ovidique
403 907 525 989 placitis
556 905 648 972 huius
681 909 797 974 aetatis
823 909 989 975 obsecutos
1021 928 1091 975 esse
1137 911 1321 993 plerosque;

218 1017 290 1082 hinc
341 1018 445 1083 nescio
478 1035 519 1082 an
553 1017 633 1081 lucri
666 1017 786 1098 aliquid
818 1017 975 1082 redundet
1015 1018 1055 1083 ad
1090 1020 1320 1084 emendandum

218 1124 330 1190 Avieni
348 1144 472 1191 versum
486 1145 531 1191 or.
543 1144 620 1191 mar.
642 1126 714 1205 556,
738 1128 792 1207 qui
804 1127 897 1192 nimis
910 1127 1082 1192 vexabatur
1104 1133 1180 1193 ante
1192 1129 1321 1195 Werns·

218 1233 352 1299 dorlium
387 1236 478 1314 eique
517 1234 577 1298 leni
608 1238 745 1300 succurri
786 1236 887 1315 possit
919 1241 1100 1302 correctura
1136 1235 1196 1302 bac
1240 1255 1321 1318 „qua

217 1343 384 1424 pinileto
407 1349 472 1410 stat
491 1343 613 1427 Pyrene
632 1345 778 1410 vertice“.
816 1345 967 1423 Quamvis
987 1347 1119 1411 metrica
1134 1348 1322 1414 necessitate

218 1454 277 1518 hoc
296 1458 480 1534 provectum
502 1454 638 1518 libenter
660 1455 804 1533 concedo,
828 1460 933 1520 tamen
954 1461 988 1521 et
1008 1455 1059 1521 hic
1073 1455 1193 1520 Avieno
1204 1456 1320 1522 Varro·

218 1581 289 1626 nem
323 1564 397 1628 usui
428 1562 524 1629 luisse
553 1581 614 1627 non
643 1582 774 1643 prorsus
802 1563 1007 1645 improbabile
1036 1570 1101 1642 est;
1137 1563 1211 1632 huic
1237 1556 1320 1631 enirn

217 1675 276 1736 sat.
299 1673 369 1748 146,
391 1675 410 1736 9
432 1673 468 1737 R.
491 1673 552 1736 264
574 1672 609 1736 Β.
638 1680 724 1738 recte
747 1673 866 1738 dudum
899 1675 1082 1739 restitutum
1116 1680 1165 1739 est
1190 1681 1321 1755 propter

220 1780 320 1858 ipsam
353 1776 573 1844 formationem
598 1779 801 1845 memorabile
834 1779 1038 1844 ardiletus.
1083 1779 1227 1859 Utroque
1252 1780 1321 1847 loco
1372 1835 1375 1841 .

219 1888 346 1952 insolite
361 1888 510 1952 coalitum
528 1888 670 1953 turbavit
683 1887 836 1966 librarios,
849 1889 933 1953 uude
951 1889 1137 1969 subrepsere
1152 1887 1320 1955 familiaria

217 1996 369 2061 vocabula
399 2002 435 2061 ut
461 2002 540 2078 puta
572 1995 685 2077 pinifer
718 2002 750 2061 et
780 1996 910 2075 ardiler3
947 1997 1031 2078 apud
1055 1997 1212 2062 Arienum
1245 2018 1319 2064 vero

217 2106 300 2186 orrod
322 2105 425 2171 adbuc
447 2107 563 2187 legitur
587 2105 800 2188 pinifertus
834 2105 899 2171 tale
922 2124 1078 2186 nusquam
1102 2107 1182 2185 vidi;
1215 2126 1317 2189 neque

218 2224 327 2281 contra
344 2216 421 2282 facit
432 2217 517 2296 quod
528 2215 658 2282 fertus
671 2217 801 2297 simplex
817 2216 847 2279 iu
862 2234 922 2279 usu
933 2220 981 2279 est
992 2215 1111 2280 Avieno
1124 2215 1318 2282 descr.l205.

315 2327 390 2391 Post
411 2327 490 2392 haec
513 2326 714 2408 inspiciamus
727 2324 986 2404 Claudianum,
1009 2326 1063 2404 qui
1085 2343 1167 2395 nora
1187 2325 1246 2391 sibi
1268 2326 1316 2390 in·

215 2434 311 2500 dulsit
333 2435 424 2501 haec:
445 2435 570 2501 bellifer
592 2437 624 2500 in
648 2436 779 2518 Eutrop.
795 2437 819 2513 Ι,
843 2436 911 2499 129.
933 2433 1191 2501 *electriferfese
1214 2437 1244 2516 2,
1267 2436 1316 2499 14.

214 2547 388 2612 terrisonus
401 2565 484 2611 cons.
508 2546 578 2613 Stil.
599 2548 624 2627 Ι,
642 2548 713 2610 169.
734 2545 980 2610 *multisonorus
1002 2545 1099 2626 epigr.
1123 2547 1151 2625 1,
1175 2546 1229 2626 183
1253 2544 1318 2610 lor·

215 2660 300 2721 tasse
319 2654 468 2738 ignifluus
487 2657 544 2721 Ill.
567 2675 650 2723 cons.
673 2656 790 2720 Honor.
818 2656 887 2732 196,
919 2655 1003 2735 quod
1025 2656 1094 2721 aliis
1123 2672 1186 2719 non
1206 2659 1317 2720 notum

215 2767 381 2846 usurpavit
403 2783 583 2846 aequaevus
605 2764 829 2848 tereauctor1)
853 2765 1000 2829 carminis
1021 2765 1060 2829 de
1080 2765 1317 2830 laudibusHer-

216 2873 294 2939 culis
316 2874 352 2937 Α.
374 2873 409 2938 L.
431 2876 501 2950 881,
533 2876 591 2938 127
614 2880 647 2940 et
670 2875 739 2938 137.
785 2873 832 2939 De
855 2892 948 2938 versu
977 2877 1084 2939 autem
1111 2879 1193 2955 rapt.
1227 2873 1317 2941 Pros.

215 2981 256 3055 II,
282 2981 344 3044 366
366 2999 428 3045 nou
449 2979 528 3047 facio
551 3000 622 3046 cum
638 2981 770 3046 Heinsio
792 2987 824 3045 et
844 2981 960 3061 Ieepin,
983 2980 1037 3061 qui
1060 2999 1142 3061 quae
1165 2980 1316 3046 exhibent

214 3088 337 3155 codices
360 3096 492 3171 excepto
507 3089 651 3156 Gudiano
675 3096 830 3172 „nostra
851 3096 992 3170 potens
1012 3090 1112 3154 Iuno“
1136 3090 1314 3171 copulanda

214 3217 282 3263 esse
304 3199 450 3264 arbitrati
476 3205 559 3276 sunt,
591 3205 627 3264 ut
651 3201 800 3265 evaderet
822 3200 950 3264 Iunonis
979 3199 1139 3281 epitheton
1169 3200 1315 3264 uostri-

214 3314 368 3387 potens.
390 3308 492 3385 Quale
517 3328 578 3374 nou
600 3309 772 3374 Prudentio
797 3308 891 3374 aliive
912 3308 1028 3373 nedum
1044 3307 1217 3374 Claudiano
1240 3326 1313 3374 con·

213 3417 393 3482 donandum
428 3424 478 3482 est
504 3422 537 3481 et
557 3421 668 3482 vetant
689 3418 815 3499 linguae
842 3418 927 3499 leges
949 3417 1041 3483 nimis
1064 3421 1236 3499 angustae3
1269 3422 1315 3482 et·

214 3527 297 3590 enim
335 3527 390 3606 qui
422 3544 594 3608 pronomen
627 3526 792 3591 admiserit
825 3528 856 3589 in
889 3527 1114 3607 compositione
1147 3545 1208 3591 non
1243 3526 1315 3592 vidi.

215 3633 320 3710 Quare
341 3635 402 3699 uisi
423 3636 549 3715 gravius
571 3636 682 3701 uolnus
700 3635 800 3701 latere
823 3636 989 3716 suspiceris
1010 3634 1250 3718 praeferendum
1265 3641 1316 3702 est

214 3763 284 3809 cum
305 3744 445 3808 Gesnero
461 3740 624 3808 Gudianus
646 3744 729 3824 quod
752 3745 883 3826 praebet
897 3744 977 3808 liber
998 3747 1150 3828 „nostra
1172 3762 1314 3825 parens

215 3853 321 3917 quo“.
368 3853 428 3919 Est
451 3855 548 3933 igitur
571 3872 685 3918 novum
711 3856 734 3920 si
758 3856 948 3919 adnumeres
972 3853 1100 3918 dubium
1123 3853 1226 3917 invv.
1250 3853 1316 3920 fere

216 3963 295 4026 1896
327 3962 360 4042 (5
377 3963 408 4027 in
433 3982 481 4028 vv,
503 3962 603 4027 terme
625 3960 738 4043 9450);
772 3962 892 4027 alienus
920 3980 994 4027 vero
1022 3962 1116 4026 etiam
1143 3961 1202 4027 lrac
1223 3962 1255 4026 in
1277 3979 1312 4025 re

315 4184 341 4251 1)
360 4181 412 4236 Hic
430 4186 506 4237 certe
525 4183 637 4237 novarit
655 4181 831 4236 *flavicomus
851 4199 875 4236 v.
895 4182 939 4236 97.
