3020 4756
655 346 832 399 „19-

197 520 310 603 pedem
330 519 393 584 iam
415 516 579 584 rettulisse
603 514 759 582 credimus
781 514 935 582 statuenti
955 513 1111 581 Ladevieo
1126 533 1178 597 pg.
1196 515 1223 595 7,
1246 513 1301 595 qui

198 638 305 697 tamen
330 628 416 694 haud
438 627 535 693 semel
554 624 760 707 corrigendus
782 629 841 691 est.
870 624 1017 690 Ceterum
1040 622 1133 690 facile
1154 624 1301 690 ohserva-

198 718 256 806 his
280 737 410 804 numina
444 737 639 819 potissimum
676 734 853 816 heroasque
880 735 976 817 digna
995 735 1091 800 uideri
1114 732 1299 817 ponderosis

197 849 261 914 illis
282 847 440 931 epithetis.

298 957 346 1021 De
364 955 552 1022 formatione
582 955 622 1018 ad
650 973 688 1018 ea
720 971 802 1033 quae
824 953 942 1033 passim
964 953 1073 1018 notavi
1093 971 1175 1018 nunc
1197 969 1299 1033 pauca

200 1067 300 1132 haheo
322 1082 405 1145 quae
427 1063 551 1128 addam.
596 1062 702 1142 Atque
726 1060 833 1124 exeis
863 1078 946 1142 quae
979 1079 1112 1127 novasse
1134 1061 1297 1142 putandus

200 1180 249 1242 est
279 1174 445 1259 Vergilius,
480 1175 512 1239 in
539 1172 671 1238 uerbum
701 1177 819 1238 exeunt
846 1172 897 1256 24,
930 1172 1218 1239 insubstantivum
1245 1176 1303 1238 aut
1376 1172 1377 1175 ’

198 1284 388 1352 adiectivum
410 1285 438 1362 6,
473 1304 492 1348 5
520 1281 674 1347 numerali
708 1281 863 1362 incipiunt
886 1283 940 1363 183
978 1282 1057 1348 haec
1078 1283 1163 1348 enim
1188 1282 1300 1364 utique

199 1392 379 1478 seponenda
417 1397 505 1470 sunt3
553 1408 647 1472 porro
677 1389 738 1456 huc
777 1388 942 1459 referenda
978 1396 1053 1456 sunt
1091 1391 1217 1471 uolgata
1259 1391 1299 1454 39

201 1509 234 1569 et
258 1505 278 1569 8
301 1506 333 1567 et
357 1504 414 1580 163
447 1501 530 1564 unde
550 1500 684 1581 adparet
706 1500 857 1566 exeuntia
875 1501 907 1565 in
929 1501 1059 1566 uerhum
1081 1500 1214 1565 alteram
1235 1497 1302 1566 fere

199 1612 305 1678 facere
324 1616 448 1693 partem
473 1610 624 1687 omnium,
646 1609 771 1674 tertiam
793 1628 812 1672 5
834 1610 991 1676 numerali
1014 1609 1118 1674 ducto.
1158 1607 1228 1686 Quo
1251 1608 1301 1673 uel

203 1721 304 1801 magis
336 1721 366 1784 in
401 1719 530 1784 uerbum
559 1718 733 1785 desinentia
753 1720 874 1784 amavit
894 1717 1036 1799 Ovidius,
1070 1719 1160 1784 cuius
1183 1723 1219 1782 ut
1240 1717 1300 1782 hoc

201 1833 310 1895 statim
343 1830 455 1895 addam
490 1834 565 1894 sunt
591 1826 713 1894 numeri
736 1829 796 1892 122
815 1827 912 1909 (volg.
935 1829 975 1893 55
1000 1846 1069 1893 nov.
1091 1828 1157 1910 67),
1181 1828 1221 1891 16
1244 1826 1299 1911 (10

201 1944 234 2003 et
257 1940 300 2020 5),
320 1939 360 2002 55
383 1939 438 2018 (29
461 1944 494 2003 et
515 1936 581 2022 26).

301 2046 481 2112 Tenendum
516 2064 590 2110 vero
612 2051 663 2112 est
694 2046 785 2112 sicuti
817 2047 897 2127 epici
928 2047 1081 2128 imprimis
1101 2047 1165 2112 stili
1190 2063 1302 2110 sonora

202 2159 276 2223 su'nt
298 2156 448 2237 epitheta,
472 2154 518 2220 ita
540 2173 601 2235 quo
624 2154 724 2219 levius
743 2158 794 2220 est
808 2172 932 2220 carmen
948 2173 984 2220 eo
999 2156 1100 2236 magis
1113 2154 1301 2220 destitutum

202 2284 271 2331 esse
286 2265 412 2330 illorum
424 2268 548 2329 ornatu.
580 2266 686 2343 Atque
701 2262 742 2327 ad
765 2269 884 2328 eeteros
899 2268 936 2328 ut
952 2282 1132 2345 pergamus,
1155 2263 1303 2330 Culicis

202 2377 315 2440 auctor
332 2372 461 2439 novavit
475 2372 607 2451 nullum,
631 2372 752 2437 nullum
768 2373 906 2440 fortasse
929 2374 955 2438 is
970 2374 1023 2455 qui
1039 2374 1162 2455 scripsit
1177 2371 1214 2438 Oi
1224 2375 1304 2457 rim,

201 2487 233 2551 id
254 2485 339 2565 quod
361 2481 488 2547 difficile
509 2486 559 2547 est
580 2481 736 2562 iudicatu3
759 2501 897 2566 namque
918 2502 1028 2549 versus
1043 2483 1104 2547 477
1127 2484 1180 2563 qui
1203 2484 1301 2549 tradi·

201 2597 309 2660 turin
333 2594 403 2660 Vat.
428 2593 500 2657 Bas.
523 2592 596 2657 Aid.
620 2611 649 2656 5.
673 2593 755 2657 1534
789 2593 1026 2676 „Aeginamque
1049 2593 1141 2656 simui
1165 2611 1303 2659 sernen-

203 2703 443 2784 tifcramque
456 2703 641 2784 Seriphum“
654 2703 677 2785 ¹)
689 2720 799 2769 uereor
813 2723 852 2769 ne
867 2702 1031 2769 insanabili
1044 2703 1167 2768 laboret
1178 2703 1301 2768 mendo.

205 2812 376 2894 Epitheton
397 2809 512 2876 falsum
536 2828 604 2877 esse
626 2810 705 2876 vidit
727 2810 908 2895 Scaligerus
931 2811 1126 2877 exstrahon.
1149 2813 1168 2876 l.
1185 2811 1230 2876 IX
1252 2829 1303 2892 pg.

204 2920 264 2984 487
289 2914 374 2984 οὕτω
397 2917 496 2983 δ’ἐστὶ
519 2911 691 3003 πετρώδης
712 2913 731 3007 ἡ
751 2921 849 3004 νῆσος
873 2923 927 3002 (sc.
944 2919 1105 3001 Seriphos)
1129 2914 1213 2984 ὥστε
1236 2914 1301 2984 ὑπὸ

204 3029 264 3111 τῆς
285 3023 445 3112 Γοργόνος
469 3027 569 3092 τοῦτο
600 3030 727 3091 παθεῖν
754 3020 853 3115 αὐτήν
874 3049 975 3114 φασιν
1005 3021 1036 3093 οὶ
1057 3028 1302 3115 κωμῳδοῦντες.

204 3137 308 3219 Atque
342 3140 402 3204 etsi
435 3138 537 3203 insula
569 3155 685 3203 saxosa
712 3156 782 3204 esse
811 3143 917 3222 potest
938 3138 1048 3204 eadem
1072 3138 1214 3218 fecunda,
1245 3138 1304 3204 hoc

205 3251 312 3312 tamen
335 3248 373 3311 de
388 3246 519 3330 Seripho
535 3248 633 3313 statui
648 3265 742 3328 posse
756 3265 910 3328 nusquam
928 3248 1085 3314 doeemur.
1119 3246 1209 3326 Quod
1230 3267 1303 3313 vero

208 3356 324 3438 legitur
356 3357 441 3438 apud
473 3356 618 3422 Ovidium
650 3357 692 3421 M.
728 3357 796 3435 VII,
831 3357 895 3445 464
926 3356 1173 3440 „florentemque
1205 3356 1304 3440 Syron

203 3464 363 3547 Cythnum
396 3465 616 3546 planamque
658 3465 834 3546 Seriphon“
869 3466 949 3532 Giris
979 3467 1084 3533 versui
1117 3486 1179 3532 non
1213 3468 1304 3532 modo

203 3591 264 3638 non
287 3575 454 3654 suochunt,
477 3574 531 3640 sed
554 3577 630 3656 quia
655 3575 852 3655 apertissime
873 3583 1031 3657 repugnat
1051 3577 1153 3643 verbis
1175 3575 1304 3642 Strabo-

203 3684 305 3749 nianis
338 3682 446 3763 eisque
475 3702 556 3765 quae
589 3689 723 3750 narrant
745 3687 930 3767 recentes2),
965 3692 1148 3769 suspectum
1170 3692 1235 3766 est;
1273 3689 1306 3748 et

244 3900 247 3907 ·
311 3870 334 3938 i)
352 3869 385 3923 ln
396 3869 490 3938 priore
502 3869 680 3926 hemistichio
695 3872 802 3942 reliqua
816 3874 847 3925 ut
856 3873 913 3927 sint
925 3871 1010 3926 dubia
1025 3889 1114 3941 neque
1130 3876 1194 3940 apte
1214 3870 1304 3924 adhue

192 3964 350 4019 ‘emendata
367 3970 444 4020 certe
461 3964 613 4021 tenendum
632 3971 674 4020 est
694 3967 793 4021 simul
811 3968 925 4022 minime
944 3967 1075 4034 otiosum;
1094 3967 1168 4035 quod
1185 3966 1303 4021 insulam

205 4060 350 4133 aDonyea‚
369 4080 440 4133 quae
458 4063 609 4133 praecedit,
628 4065 710 4118 nimis
731 4069 866 4120 remotam
885 4064 972 4120 fuisse
985 4068 1174 4119 enumeratam
1186 4063 1305 4133 impedit

205 4160 352 4227 quominus
371 4164 510 4231 putemus.

305 4256 335 4328 2)
354 4257 389 4315 of.
408 4259 480 4314 Roes
497 4258 598 4314 Reisen
613 4260 663 4315 auf
678 4260 732 4315 deu
750 4261 854 4330 grieeh.
875 4261 929 4317 Ius.
948 4279 995 4331 pg.
1017 4263 1067 4321 135
1086 4279 1143 4332 sqq.
