3020 4756
272 1157 376 1222 Natus
404 1174 474 1221 sum
505 1156 684 1222 Fridericus
714 1155 798 1222 Seitz
830 1157 881 1222 die
902 1155 941 1220 X.
961 1157 1077 1223 mensis
1098 1157 1174 1222 Mai.
1197 1158 1271 1222 anni

170 1268 202 1333 h.
224 1286 250 1332 s.
273 1265 348 1330 LIII
371 1264 483 1345 Usingi
505 1265 537 1329 in
562 1267 710 1346 oppidulo
731 1265 763 1329 in
779 1265 880 1330 Tauni
899 1266 1016 1331 montis
1039 1264 1196 1332 radicibus
1210 1267 1271 1330 sito

170 1375 373 1442 Nassoviensi
396 1372 508 1439 Oarolo
535 1381 568 1440 et
589 1374 756 1441 Henrietta
778 1394 795 1441 e
817 1380 912 1458 gente
935 1373 1108 1440 Senfftiana
1132 1375 1271 1456 parenti·

170 1485 239 1551 bus.
276 1482 365 1549 Fidei
386 1484 531 1550 addictus
554 1502 624 1549 sum
649 1484 856 1564 evangelicae.
890 1483 1086 1548 Litterarum
1109 1483 1272 1548 elementis

169 1594 311 1660 imbutus
342 1612 399 1677 per
426 1578 542 1658 'novem
564 1611 663 1660 annos
685 1592 885 1676 frequentavi
905 1594 1105 1676 gymnasium
1128 1592 1272 1673 Logano·

173 1704 423 1785 Weilburgense‚
457 1720 522 1783 qua
549 1703 581 1766 in
608 1702 686 1767 urbe
708 1703 820 1784 viginti
842 1701 978 1783 amplius
999 1703 1089 1767 annis
1110 1707 1202 1781 peter
1225 1700 1273 1764 iu·

170 1811 248 1878 dicis
270 1811 414 1893 Iungitur
435 1829 574 1876 munere.
609 1809 704 1876 Cuius
722 1810 848 1875 scholae
869 1816 936 1875 tum
960 1815 1115 1876 rectorem
1135 1809 1272 1876 Schmit·

171 1922 252 1987 tium
279 1937 380 2000 aeque
407 1938 445 1985 aa
471 1925 592 1986 ceteros
614 1926 834 2002 praeceptores
857 1919 1026 1985 KrebsIum
1060 1917 1270 1984 Schenckium

171 2026 318 2093 Stollium
359 2025 570 2092 Ebhardtium
606 2031 698 2107 grato
737 2043 860 2106 semper
898 2025 1000 2090 colam
1038 2026 1152 2090 animo.
1204 2025 1271 2090 Ma·

170 2136 312 2202 turitatis
335 2135 515 2200 testimonio
547 2135 689 2200 munitus
711 2153 767 2217 per
789 2152 906 2199 anuum
929 2134 1007 2200 civis
1026 2132 1073 2198 fui
1090 2134 1272 2201 academiae

171 2243 385 2326 Monacensis,
418 2262 476 2324 per
502 2262 559 2310 sex
585 2261 709 2308 menses
730 2242 909 2323 Lipsiensis,
938 2242 1128 2308 Friderioiao
1155 2241 1273 2307 Guilel-

171 2352 253 2417 miae
287 2351 461 2418 Rhenanae
496 2370 554 2433 per
585 2351 753 2417 biennium.
813 2351 996 2417 Docueruut
1022 2369 1074 2416 me
1099 2349 1273 2417 Buecheler

171 2458 278 2527 Christ
298 2460 427 2527 Curtius
451 2461 635 2527 Heimsoeth
655 2460 779 2526 Ritschl
804 2459 940 2542 Spengel
968 2460 1089 2527 Usener
1112 2459 1272 2544 philologi,

172 2569 212 2634 de
243 2569 429 2652 Doellinger
462 2568 610 2635 Schaefer
637 2569 677 2635 de
708 2568 802 2651 Sybol
832 2569 982 2646 historici,
1016 2568 1160 2636 Garriere
1192 2568 1273 2634 Her·

172 2696 268 2744 mann
291 2679 399 2762 Meyer
420 2679 532 2743 Prantl
552 2678 741 2761 philosophi,
764 2677 906 2744 Simrock
930 2679 1072 2744 Zamcke
1094 2679 1272 2761 germanici.
1344 2756 1348 2762 ι

172 2788 317 2853 Monachi
349 2787 487 2872 Christi,
519 2789 647 2855 Bonnae
683 2789 867 2854 Buecheleri
903 2787 1097 2855 Heimsoethi
1140 2787 1272 2853 Useneri

172 2898 377 2982 philologieis,
405 2896 566 2964 Sohaeferi
593 2898 749 2965 historicis
771 2899 902 2964 interfui
928 2899 960 2963 in
991 2899 1159 2964 seminario
1182 2914 1272 2962 exer-

173 3007 385 3075 citationibus.
437 3007 610 3074 Praeterea
646 3009 806 3074 societatis
844 3008 1067 3091 epigraphicae
1101 3005 1273 3071 Buecheler

172 3135 228 3199 per
250 3128 300 3184 ter
320 3134 413 3183 senos
432 3135 567 3195 menses,
598 3114 832 3197 philosophicae
858 3120 891 3180 et
911 3115 1145 3197 paedagogicae
1166 3114 1273 3195 Meyer

150 3243 230 3306 -per
258 3243 375 3290 annum
397 3224 583 3308 participem
608 3241 733 3288 summa
760 3221 952 3288 liberalitate
987 3241 1037 3288 me
1067 3223 1271 3288 admiserunt.

174 3333 294 3410 Quibus
325 3334 398 3399 viris
429 3333 574 3398 omnibus
595 3333 715 3412 gratias
738 3350 797 3413 ago
820 3350 900 3411 quas
921 3334 1019 3397 debeo
1042 3332 1206 3396 maximas.
