3020 4756
685 342 860 396 ..23-

225 512 324 579 abieci
347 514 518 597 epistulas;
550 534 613 597 (lua
641 536 674 582 re
705 517 789 599 quod
813 517 971 583 invenitur
993 517 1118 584 nubifer
1141 517 1178 582 H.
1201 520 1260 596 ΙΙΙ,
1284 520 1324 584 58

224 628 257 689 et
286 623 328 690 M.
356 626 398 705 II,
430 627 501 707 226,
535 643 649 691 novum
684 628 893 692 adnumeravi
925 627 1237 710 metamorphosesin,
1271 646 1324 692 cu·

224 732 373 814 pressiier
397 753 469 799 vero
492 735 532 800 H.
554 735 609 816 IX,
632 737 672 802 87
695 742 728 802 et
749 737 784 802 F.
809 737 845 814 V,
868 737 908 800 87
932 737 1046 803 Fastis.
1075 739 1112 802 In
1135 737 1226 818 epist.
1243 737 1322 801 XIII

226 861 254 907 1.
276 844 317 907 33
346 848 497 910 novatum
532 844 709 926 bicorniger
741 864 842 926 neque
875 846 987 912 Ovidio
1019 851 1128 911 nutum
1152 850 1200 911 est
1222 863 1324 926 neque

223 951 285 1016 alii.
329 951 409 1018 Hinc
441 954 537 1034 igitur
569 955 596 1020 si
628 954 732 1038 placet
763 955 902 1038 corrigas
932 954 1057 1021 indices.
1081 992 1119 1000 -
1145 954 1323 1021 Observare

223 1065 332 1128 autem
355 1062 522 1128 iucundum
556 1069 605 1130 est
632 1065 728 1130 etiam
756 1065 829 1131 hoc:
861 1065 997 1147 epistula
1019 1065 1094 1130 XIV
1115 1068 1149 1131 et
1170 1084 1253 1147 qnae
1277 1084 1324 1131 se-

222 1175 338 1238 cuntur
369 1173 613 1253 compositorum
647 1178 762 1238 ornatu
794 1173 839 1238 ita
872 1178 946 1238 sunt
979 1173 1151 1240 destitutae
1178 1175 1265 1240 nulla
1291 1179 1328 1240 ut

223 1281 365 1348 invenias
386 1282 445 1348 nisi
468 1281 634 1349 tritissima
656 1281 831 1364 naufragus
853 1283 954 1362 XVII,
978 1286 1038 1349 129
1059 1290 1093 1350 'et
1117 1285 1177 1349 198
1203 1285 1326 1366 laniger

225 1391 329 1471 XVII,
364 1393 425 1457 144
456 1390 567 1459 lucifer
600 1391 685 1474 XIX,
721 1394 797 1476 1923
831 1412 949 1460 vacuae
979 1392 1077 1475 igitur
1098 1412 1228 1474 prorsus
1255 1412 1325 1476 epp.

224 1500 309 1580 XIV,
332 1501 399 1577 XV,
420 1501 504 1578 XVI,
526 1501 618 1568 XVII
642 1521 700 1569 nec
719 1521 780 1567 non
803 1502 959 1585 Sapphus.
989 1503 1092 1581 Quam
1111 1502 1324 1568 humilitatem

223 1630 263 1676 ne
286 1610 444 1676 novissimi
467 1611 594 1693 quidem
616 1610 761 1676 redolent.
779 1612 868 1686 libri;
904 1616 938 1676 ut
969 1612 1030 1678 scis
1066 1612 1327 1695 Hypermestram

224 1719 316 1785 Ovidi
348 1737 417 1784 esse
448 1737 549 1800 nuper
569 1718 727 1784 iudicasse
747 1719 805 1783 Th.
820 1719 956 1783 Birtiurn
982 1738 1061 1785 mus.
1084 1722 1171 1787 rhen.
1200 1720 1327 1786 XXXII

224 1849 275 1911 pg.
296 1830 368 1892 429.
394 1862 432 1872 -
455 1826 575 1892 Contra
601 1827 706 1908 gravis
734 1827 978 1908 compositorum
1002 1828 1175 1892 cumulatio
1201 1848 1249 1911 ep.
1271 1829 1325 1907 IX,

225 1937 283 2000 141
317 1937 463 2018 „semivir
491 1936 636 2001 occubuit
658 1937 689 2001 iu
711 1935 864 2003 letifero
877 1934 903 2018 ¹)
946 1937 1056 2002 Eueno
1092 1935 1233 2003 Nessus“
1276 1943 1326 2003 est

223 2044 392 2130 Ouidiana3
415 2047 462 2111 ita
483 2046 566 2111 enirn
590 2045 721 2112 Ovidius
744 2046 774 2109 in
798 2045 906 2126 quinto
928 2046 1048 2112 decimo
1070 2043 1324 2110 transformatio-

227 2156 447 2222 11111111.753.

327 2284 447 2347 perque
470 2265 639 2348 papyriferi
662 2261 850 2346 septemflua
871 2261 1001 2328 llumIna
1021 2262 1086 2327 Nili

226 2374 636 2458 mmmdmffiffl

324 2485 578 2565 semibovemque
605 2485 708 2549 virum
731 2482 976 2564 semivirumque
1000 2483 1111 2547 bovem

225 2594 274 2659 cui
297 2594 405 2659 similis
425 2594 460 2659 F.
483 2596 509 2673 I,
532 2594 594 2659 384

324 2702 562 2784 lanigerumque
583 2720 680 2784 pecus
701 2702 918 2782 ruricolaeque
939 2699 1036 2765 boves

226 2811 360 2893 denique
382 2812 472 2878 nimis
493 2811 668 2893 ponderose
687 2811 739 2876 Tr.
761 2810 815 2875 IV.
839 2814 867 2895 7,
891 2811 929 2875 15
955 2828 1022 2892 sqq.

327 2922 611 3005 quadrupedesque
638 2921 780 2986 hommes
802 2940 873 2986 euru
894 2925 1022 3001 pectore
1043 2922 1171 2999 pectora
1193 2918 1315 2982 iunctos

327 3032 600 3114 tergeminumque
622 3031 724 3096 virum
747 3033 1019 3112 tergeminumque
1042 3045 1149 3093 canera

326 3140 529 3221 Sphingaque
550 3144 583 3206 et
604 3139 763 3221 Harpyias
785 3136 1085 3217 serpentipedesque
1105 3134 1261 3216 Gigantas

326 3249 602 3328 centimanumque
624 3247 712 3327 Gyen
734 3245 986 3324 semibovemque
1009 3245 1121 3309 virum.

230 3360 331 3438 Quam
366 3359 575 3439 ponderosam
607 3357 801 3436 gravitatem
834 3353 1008 3420 adfectavit
1039 3372 1140 3436 neque
1169 3354 1327 3436 Vergilius

227 3487 328 3549 neque
351 3468 433 3534 alius
457 3467 541 3532 illius
563 3465 689 3532 aetatis.
732 3464 795 3531 Sed
818 3465 954 3529 multum
980 3464 1070 3528 abest
1091 3469 1127 3529 ut
1148 3464 1230 3529 levia
1250 3465 1328 3529 haec

228 3596 371 3660 premam
392 3578 425 3641 in
446 3596 481 3642 re
505 3574 681 3641 difficiliore
703 3594 799 3655 quam
823 3573 1075 3653 fructuosum).

329 3730 356 3800 l)
375 3730 416 3785 De
439 3729 489 3784 hac
517 3729 591 3783 enim
609 3728 729 3781 lectione
746 3727 792 3780 vix
811 3726 997 3793 dubitaverim
1017 3724 1138 3780 Madviei
1158 3725 1219 3780 adv.
1238 3725 1273 3792 11,
1292 3725 1328 3778 75

229 3828 395 3884 ientifero
422 3828 466 3883 vel
494 3828 556 3881 ideo
584 3825 768 3896 improbabile
797 3829 840 3879 est
868 3822 944 3893 quod
962 3822 1051 3877 Eueni
1069 3822 1169 3877 fluctus
1189 3819 1281 3889 rapidi
1299 3823 1329 3873 et

229 3931 369 3982 torrentes
396 3925 442 3994 (cf.
469 3944 511 3980 ex.
534 3943 576 3995 gr.
599 3923 648 3977 Ov.
667 3924 704 3977 M.
726 3922 772 3990 IX,
796 3922 855 3976 104.
877 3921 917 3975 lb.
936 3922 999 3990 511)
1026 3920 1100 3974 ferre
1126 3920 1174 3972 vix
1192 3920 1325 3987 poterant

228 4024 317 4078 lentas
336 4024 486 4093 palustrem
514 4027 638 4077 ceterum
664 4020 729 4075 vide
756 4019 840 4073 etiam
869 4036 940 4088 qnae
967 4018 1076 4071 monuit
1093 4016 1131 4069 Μ.
1149 4016 1278 4069 Hertzins
1297 4015 1327 4069 in

231 4119 365 4175 Fleckeis.
383 4136 447 4173 ann.
462 4117 531 4174 1874
549 4136 596 4190 pg.
616 4119 677 4172 254.

329 4216 358 4287 2)
377 4217 417 4271 De
440 4216 538 4272 Gratio
566 4221 595 4271 et
621 4215 734 4270 Manilio
761 4214 796 4269 ad
822 4232 855 4269 ea
882 4230 954 4285 qnae
981 4211 1040 4266 dixi
1063 4226 1147 4281 supra
1166 4227 1212 4285 pg.
1233 4211 1250 4264 6
1269 4226 1325 4265 non

230 4314 320 4372 habeo
339 4331 410 4385 quae
431 4313 540 4371 addam.
