3020 4756
633 366 808 418 ..14-

272 539 373 605 Immo
395 539 495 622 igitur
515 537 679 605 latendum
700 541 750 605 est
771 536 919 604 varietati
941 538 990 604 vel
1004 538 1184 605 obtrectare
1203 557 1274 606 ver·

174 668 245 715 sum
263 649 483 715 hexametrum
505 649 539 714 et
560 666 677 730 augere
699 647 967 727 aequabilitatem.
996 647 1039 714 Et
1058 666 1115 731 per
1136 667 1171 715 se
1184 653 1276 732 patet

174 777 214 825 ex
238 744 363 824 nomine
384 764 417 824 et
438 751 631 838 verbo'quae
645 756 791 823 omnibus
806 755 895 823 luere
907 757 1090 838 gratissima
1103 776 1166 823 non
1179 775 1274 841 posse

176 868 349 935 coalescere
372 872 473 933 metro
495 864 572 950 apta
593 866 653 934 nisi
674 867 733 933 boc
753 865 886 949 incipiat
901 887 921 932 a
935 866 1058 950 syllaba
1071 866 1169 948 brevi,
1187 868 1274 935 illius

175 981 272 1061 longa
304 980 347 1046 sit
379 979 584 1061 paenultima.
629 980 672 1045 At
704 978 908 1044 memorabile
946 985 996 1045 est
1033 979 1064 1043 in
1093 978 1274 1047 huiusmodi

110 1070 115 1077 ’
175 1089 387 1171 contingendis
407 1088 497 1155 novis
511 1089 632 1154 nullum
652 1087 827 1169 Vergilium
850 1088 968 1154 nomini
990 1088 1192 1155 subiunxisse
1206 1107 1275 1154 uer·

175 1198 250 1264 bum
261 1200 321 1265 nisi
333 1198 418 1280 quod
433 1199 596 1280 placuerat
618 1198 775 1285 prioribus
782 1222 790 1282 3
814 1202 848 1264 et
869 1201 967 1265 semel
989 1201 1116 1264 tantum
1130 1199 1276 1266 discessit

175 1309 215 1376 ab
237 1308 416 1376 eoOvidius
438 1326 508 1373 cum
530 1313 662 1375 novaret
680 1309 879 1376 laticanus
894 1310 961 1376 siue
975 1310 1077 1376 mavis
1091 1307 1276 1376 laticinus

176 1418 218 1485 Μ.
240 1416 296 1500 ΙΧ,
317 1419 389 1484 418.
411 1415 480 1495 XV,
503 1418 576 1483 436.
620 1417 720 1482 Porro
741 1417 825 1500 quod
849 1418 932 1483 idem
957 1417 1023 1485 lere
1045 1438 1115 1485 cum
1138 1418 1276 1501 Vergilio

177 1532 210 1592 et
224 1526 336 1594 Ouidio
352 1527 446 1610 primi
468 1547 498 1610 p.
519 1526 593 1593 Chr.
616 1528 733 1593 saeculi
756 1527 852 1611 epicis
874 1533 924 1594 est
945 1534 1078 1595 ornatus
1098 1533 1132 1594 et
1153 1526 1276 1611 paucis·

176 1639 257 1704 sima
278 1638 310 1703 hi
334 1637 391 1705 sibi
411 1636 612 1704 indulserunt
632 1654 724 1719 nova,
747 1643 832 1706 certe
851 1639 1085 1722 aliquantulum
1105 1635 1143 1720 inf
1157 1655 1195 1703 eo
1218 1642 1275 1716 est,

177 1747 262 1828 quod
282 1746 365 1814 idem
388 1748 534 1815 omnibus
555 1748 676 1832 placuit
700 1752 847 1815 metrum.

277 1855 339 1924 Sed
361 1857 434 1924 nolo
465 1858 524 1924 bac
543 1858 575 1922 in
603 1876 637 1924 re
659 1858 831 1941 exspatiari
853 1858 989 1941 longius.
1023 1856 1178 1923 Carminis
1200 1873 1275 1922 vero

178 1963 298 2033 indoles
331 1972 486 2048 quantum
508 1967 616 2035 faveat
637 1966 835 2052 confingendi
857 1969 972 2048 studio,
1001 1973 1154 2048 quantum
1177 1963 1277 2031 reira-

179 2082 282 2157 getur‚
306 2077 338 2141 in
360 2077 494 2159 singulis
516 2079 690 2147 versaturis
708 2079 797 2144 nobis
819 2079 980 2159 continget
1000 2082 1037 2142 ut
1057 2074 1275 2160 perspiciatur.

278 2188 346 2267 Age
378 2185 442 2252 iam
474 2187 615 2285 singulos
642 2172 795 2256 adeamus
828 2192 861 2255 et
883 2189 1045 2254 ordiamur
1067 2206 1087 2251 a
1107 2185 1276 2252 Catullo.

180 2294 240 2360 Hic
261 2295 341 2361 enim
372 2299 408 2360 ut
436 2298 582 2362 vetustae
610 2298 688 2364 artis
709 2297 787 2363 nibil
811 2297 942 2363 retinuit
963 2297 1021 2362 nisi
1044 2297 1210 2362 audaciam
1232 2295 1279 2360 ita
1382 2346 1385 2351 .
1505 2376 1506 2383 ἵ

130 2440 133 2445 ·
181 2389 317 2480 vel'bac
333 2407 363 2471 in
386 2426 422 2473 re
443 2406 512 2472 aevi
535 2407 688 2489 Augustei
710 2408 812 2490 poetis
835 2407 895 2474 luit
915 2409 1068 2491 exemplo.
1097 2407 1278 2473 Hunc-vero

181 2517 215 2581 in
250 2516 472 2583 enumerandis
506 2518 609 2584 novis·
628 2535 753 2599 semper
785 2517 917 2585 servabo
943 2519 1095 2601 ordinem,
1127 2521 1165 2581 ut
1187 2532 1278 2598 prae·

181 2626 347 2710 mitta-ma
368 2627 493 2691 nominc
516 2627 612 2693 ducta
644 2633 676 2693 et
697 2629 800 2707 uerbo,
837 2631 1013 2708 sequantur
1045 2644 1128 2707 quae
1161 2632 1280 2693 exeunt

180 2735 467 2802 insubstantivum
489 2741 546 2802 aut
567 2736 767 2814 adiectivum
794 2736 962 2819 utrobique
984 2737 1123 2816 exceptis
1144 2752 1278 2819 quorum

181 2862 257 2925 pars
278 2845 366 2926 prior
388 2850 439 2912 est
461 2845 640 2926 numerale3
671 2845 749 2912 baec
774 2845 934 2929 pedestria
962 2845 1134 2912 maximam
1154 2848 1279 2926 partem
1384 2913 1389 2919 ,

183 2955 300 3020 tertius
335 2955 555 3036 complectitur
591 2955 695 3021 index.
757 2956 870 3038 Accipe
910 2956 1010 3039 igitur
1047 2953 1163 3021 Catulli
1199 2972 1280 3020 nova

180 3064 311 3130 haec¹:

242 3159 246 3166 ’
280 3067 423 3239 Ξὺυιίΐθτ
445 3175 536 3257 4,13.
558 3174 703 3257 *coniger
722 3175 772 3256 64,
800 3177 869 3241 106.
892 3174 1052 3258 *ederiger
1073 3176 1123 3257 63,
1145 3176 1194 3239 23.
1217 3173 1280 3240 *la-

184 3279 348 3364 serpiciier
370 3283 398 3361 7,
421 3283 451 3348 4.
495 3282 629 3348 noctifer
651 3284 702 3368 62,
724 3284 752 3349 7.
796 3282 954 3365 sagittifer
976 3284 1026 3363 11,
1047 3285 1076 3349 6.
1107 3280 1282 3365 amplificus

182 3601 266 3657 modo
294 3602 368 3657 enim
396 3619 498 3672 quaeso
524 3602 585 3659 fieri
608 3606 701 3675 potest
725 3609 758 3659 ut
778 3604 873 3674 puella
890 3603 1010 3659 violetur
1027 3606 1092 3658 toro
1111 3600 1282 3657 somnifero?

183 3698 245 3753 Illic
271 3697 441 3754 desiderabis
473 3701 652 3772 innuptam
679 3702 724 3758 vel
746 3701 822 3772 quod
839 3702 928 3772 magis
946 3700 1053 3756 arridet
1071 3717 1207 3770 puram3
1237 3697 1282 3751 hio

184 3795 259 3863 quod
274 3795 344 3850 mihi
363 3797 418 3867 ipsi
436 3797 591 3853 satisfaciat
609 3814 665 3853 non
684 3799 849 3868 excogitavi.

284 3893 312 3964 1)
330 3893 474 3950 Arteriace
492 3893 657 3966 significabo
675 3913 746 3967 quas
765 3913 901 3967 nusquam
919 3896 974 3951 nisi
992 3895 1076 3951 semol
1093 3897 1143 3949 aut
1160 3892 1283 3963 complu·
1398 3884 1400 3887 ’

184 3990 261 4044 riens
285 3989 361 4059 apud
377 3990 496 4046 eundem
519 3997 670 4048 occurrunt
688 3998 807 4063 poetam.
845 3992 993 4048 Adnotsbo
1016 3996 1109 4048 tamen
1133 3989 1209 4045 ultra
1232 3988 1284 4044 Co·

164 4087 260 4156 rippi
287 4090 408 4141 aetatem
434 4106 479 4143 me
506 4106 563 4144 non
585 4107 647 4146 esse
675 4107 864 4161 progressum.
899 4090 962 4146 Non
981 4089 1066 4145 semel
1084 4085 1285 4143 discedendum

185 4183 255 4238 mihi
282 4188 343 4239 erat
372 4202 389 4239 a
412 4185 513 4241 Frano.
536 4186 661 4243 Teufolio
687 4187 722 4242 de
749 4187 808 4242 Cat.
826 4188 889 4244 Tib.
907 4187 991 4258 Prop.
1010 4188 1099 4245 vocib.
1118 4186 1189 4258 sing.
1208 4183 1285 4240 Frib.

186 4279 257 4335 Bria.
278 4282 346 4335 1872
364 4300 411 4353 pg.
430 4284 465 4338 27
484 4302 544 4355 sqq.
581 4285 635 4340 Sed
654 4287 764 4357 singula
782 4286 925 4357 corrigere
941 4284 1117 4354 supersedeo.
