3020 4756
690 369 849 420 ..6-

221 540 446 635 Rothmalerus
457 539 491 621 ¹),
529 539 609 604 nihil
631 538 698 605 fere
719 538 864 605 fecerunt
888 539 946 606 nisi
968 540 1170 606 contulerunt
1191 537 1320 605 formas.

223 652 370 715 Attamen
391 667 430 713 ne
454 648 514 713 hac
536 648 662 728 quidem
684 650 715 713 in
739 667 773 712 re
794 667 896 730 neque
917 649 1093 715 Ladevious
1107 666 1209 731 neque
1224 648 1320 712 Roth-

222 760 361 824 malerus
381 777 420 823 ea
443 776 506 837 qua
528 775 586 837 par
608 760 679 821 erat
694 775 819 840 quaque
833 757 911 822 nihil
928 758 1143 839 relinquerent
1163 759 1321 838 corrigen-

222 871 295 935 dum
331 869 382 932 vel
414 866 592 932 addendum
635 867 752 932 versati
780 872 855 931 suut
877 866 1050 947 diligentia.
1094 867 1131 931 In
1153 872 1319 947 poetarum

223 979 277 1059 qui
300 995 377 1041 aevo
400 976 564 1056 Augusteo
587 977 715 1056 viguere
736 977 896 1056 sequiores
918 995 1010 1041 nemo
1032 976 1115 1055 quod
1138 975 1200 1039 vidi
1223 975 1322 1054 iuqui-

222 1087 296 1152 sivit
329 1104 437 1161 usum;
468 1084 586 1168 saeculi
617 1085 709 1166 primi
742 1085 837 1166 epicis
859 1084 948 1149 nulla
970 1083 1035 1149 lere
1057 1103 1128 1149 esse
1149 1087 1244 1164 grata
1264 1084 1323 1149 nisi

224 1197 344 1277 Vergili
367 1194 522 1275 Ovidique
556 1194 710 1274 exemplis
736 1192 828 1258 firma
855 1194 938 1274 quod
967 1194 1044 1259 data
1065 1195 1228 1259 occasione
1249 1194 1324 1260 tulit

222 1305 372 1370 iudicium
394 1304 470 1369 Luc·
496 1302 667 1368 Muellerus
676 1303 714 1386 2),
746 1303 836 1370 nobis
866 1304 899 1369 in
922 1304 1054 1385 singulis
1077 1302 1325 1369 confirmandum

222 1415 359 1494 reliquit.

326 1548 387 1613 Sed
425 1550 567 1631 singulos
596 1550 683 1616 adire
715 1550 798 1632 nolo,
829 1551 1014 1631 priusquam
1047 1566 1149 1633 pauca
1169 1552 1325 1633 quaedam

223 1659 490 1739 praemonuerim,
512 1677 551 1723 ne
572 1659 683 1724 eadem
705 1658 849 1741 pluribus
867 1659 943 1725 locis
958 1678 1055 1740 cogar
1069 1664 1213 1741 repetere
1227 1662 1326 1741 utque

224 1766 465 1832 fundamentum
487 1767 645 1847 quoddam
669 1768 832 1834 nanciscar
853 1767 951 1833 totius
976 1768 1216 1850 disputationis3
1254 1769 1326 1834 hinc

227 1877 324 1940 simul
358 1894 421 1941 non
454 1876 581 1955 latebit,
620 1895 639 1940 a
673 1876 797 1942 Catullo
830 1895 886 1941 cur
915 1878 1142 1959 sumpserimus
1163 1877 1326 1943 exordium

229 1985 346 2051 indices
378 2003 486 2051 eorum
517 1983 726 2066 conscripturi
759 2003 841 2079 quae
866 1986 980 2067 singuli
1005 1987 1138 2067 putandi
1160 1991 1235 2053 sunt
1256 2005 1327 2052 cou-

225 2093 364 2161 finxisse.

325 2246 431 2325 Atque
464 2246 587 2312 iuvabit
618 2247 743 2327 plenius
779 2250 925 2329 persequi
958 2248 1153 2331 confingendi
1187 2249 1326 2314 studium

227 2359 382 2436 quantum
403 2354 582 2436 adiuvetur,
614 2360 768 2434 quantum
795 2363 978 2422 coerceatur
1007 2358 1100 2423 metri
1128 2357 1327 2424 necessitate.

226 2462 385 2528 Praetulit
406 2463 506 2527 omnis
534 2462 675 2529 latinitas
710 2465 886 2546 composita
913 2483 995 2545 quae
1022 2484 1062 2530 ex
1084 2467 1208 2530 nomine
1228 2468 1327 2530 coale-

226 2577 317 2637 scunt
347 2576 380 2636 et
408 2571 518 2653 verbo;
552 2591 569 2636 e
595 2572 709 2653 quibus
731 2572 817 2654 apud
840 2573 1010 2655 dactylicos
1033 2574 1146 2638 mirum
1170 2580 1326 2653 quantum

229 2679 446 2746 increbescunt
461 2697 543 2760 quae
557 2679 717 2744 ducuntur
732 2700 751 2745 a
766 2680 869 2745 verbis
883 2679 898 2744 f
901 2700 986 2746 erre
999 2689 1033 2747 et
1047 2701 1191 2764 gerere.
1214 2681 1328 2759 Qualia

226 2798 328 2869 pauca
351 2788 490 2854 admittit
514 2787 658 2867 Plautus,
692 2788 859 2856 Terentius
880 2789 1012 2871 nullum,
1040 2790 1166 2856 Lucreti
1189 2793 1228 2855 21
1252 2795 1327 2857 suut

228 2900 310 2962 iuter
327 2886 371 2962 x75
394 2898 575 2979 composita,
598 2900 629 2980 (1
644 2918 652 2963 :
665 2899 752 2980 3²s3),
775 2898 930 2964 Ciceronis
952 2901 991 2963 15
1011 2899 1093 2964 inter
1116 2901 1155 2964 41
1177 2902 1208 2980 (1
1223 2924 1229 2964 :
1243 2898 1318 2984 2⁸lr)

228 3006 347 3072 Catulli
369 3009 388 3071 8
409 3006 490 3072 inter
511 3009 553 3071 43
575 3006 605 3088 (1
635 3030 641 3071 :
664 3005 752 3091 5¹ls),
776 3008 895 3089 Vergili
919 3010 959 3073 28
980 3009 1061 3074 inter
1085 3009 1145 3073 104
1167 3008 1199 3089 (1
1219 3009 1318 3090 :3³l4)

229 3116 373 3198 Properti
397 3118 434 3179 11
458 3117 541 3182 inter
563 3118 603 3181 20
626 3117 658 3197 (1
672 3139 678 3180 :
692 3117 778 3198 1415),
800 3116 893 3181 Ovidi
916 3118 954 3181 77
978 3118 1062 3182 inter
1088 3120 1146 3182 191
1169 3118 1201 3202 (1
1218 3141 1224 3184 ;
1240 3119 1314 3201 2112)

228 3226 314 3290 vides
347 3225 471 3290 Catullo
508 3225 586 3290 haec
618 3226 721 3290 minus
753 3226 909 3306 placuisse
938 3245 1034 3306 quarn
1064 3228 1187 3293 ceteris.
1230 3227 1329 3293 Porro

228 3334 317 3398 nulla
348 3333 407 3398 nisi
441 3332 535 3399 huius
564 3335 689 3414 generis
711 3339 870 3400 novarunt
889 3334 1021 3402 Gratius
1042 3334 1225 3401 nardifer
1257 3336 1329 3414 314,

230 3444 314 3525 quod
335 3448 384 3509 est
405 3442 573 3523 singulare,
597 3447 630 3508 et
647 3443 797 3510 Manilius
819 3444 872 3524 qui
895 3444 998 3510 fertur
1019 3443 1180 3525 spicifer·
1194 3445 1235 3523 11,
1258 3445 1330 3509 442.

1321 2950 1328 2979 1

1321 3058 1328 3088 l

1321 3140 1329 3201 5

230 3552 290 3629 Qui
318 3551 550 3617 leuissimomm
579 3570 669 3617 amor
697 3552 782 3633 apud
810 3554 904 3634 primi
932 3544 1048 3619 saeculi
1070 3555 1173 3635 epicos
1194 3553 1332 3619 obtinuit

228 3681 266 3727 ac
288 3660 439 3726 Senecam
448 3661 485 3742 ³),
518 3662 602 3741 quod
638 3662 736 3728 miror
768 3680 829 3726 nou
866 3663 982 3728 vidisse
1008 3662 1243 3744 Hultgrenium.
1288 3664 1332 3728 At

331 3877 357 3948 1)
376 3878 418 3932 De
436 3877 532 3933 Horat.
553 3881 630 3934 verb.
647 3879 752 3935 invent.
771 3879 862 3935 Berol,
883 3882 960 3935 1862.

329 3974 358 4047 2)
376 3975 418 4029 De
437 3993 467 4030 re
486 3980 567 4030 metr·
587 3994 634 4046 pg.
654 3978 715 4031 383.
912 3974 915 3979 ’

332 4071 359 4139 3)
381 4072 470 4141 Pergo
499 4071 601 4127 addere
631 4072 738 4127 Lucani
766 4074 841 4128 iuter
866 4077 994 4131 renova
1019 4074 1073 4130 hoc
1098 4073 1181 4128 modo
1210 4072 1333 4127 formata

235 4185 295 4223 esse
313 4171 340 4236 7,
357 4168 452 4224 Valeri
474 4173 485 4222 1
507 4169 581 4224 inter
598 4171 623 4239 8,
642 4170 692 4225 Sili
710 4173 726 4225 3
745 4171 820 4225 inter
834 4171 876 4238 17,
896 4171 969 4227 Stati
987 4176 1017 4226 et
1036 4171 1184 4227 Senecaeii
1203 4170 1277 4224 inter
1291 4171 1332 4238 13,

233 4264 281 4318 ubi
299 4264 384 4318 dubia
401 4283 457 4319 non
471 4269 624 4322 numeravi.
649 4267 777 4322 Valerius
789 4267 879 4339 igitur
890 4269 992 4324 ceteris
1007 4269 1094 4339 magis
1112 4268 1181 4322 talia
1196 4269 1331 4338 despexit.
