3020 4756
672 382 850 436 ...15-

205 558 261 640 ’64,
284 557 355 622 265.
398 553 647 634 1166111166664,
677 555 750 619 466.
794 552 1011 641 16611166663,
1038 555 1089 619 51.
1132 550 1310 634 *Nysigena

209 668 260 746 64,
283 668 355 731 252.
394 664 620 730 *fluentisonus
644 665 695 744 64,
717 665 767 728 62.
798 663 1110 744 *6666616666663
1134 664 1185 728 72.
1212 662 1311 726 *661-

207 773 484 853 116616668188.
506 773 699 839 *omnivolus
723 771 795 857 681,
820 774 890 838 loo.
906 771 1163 840 -*silvicultrix
1185 774 1235 852 63,
1258 772 1307 836 72.

206 884 412 967 *falsiparens
434 886 475 948 68
484 883 510 961 b,
535 884 592 951 72,
620 881 782 965 *pinnipes
805 885 856 963 55,
879 882 928 947 25.
959 881 1129 965 *plumipes
1151 884 1201 962 55,
1224 880 1308 962 27¹).

89 982 93 991 ’
206 994 408 1076 *properipes
432 994 482 1072 63,
505 995 555 1057 34.
600 992 741 1073 tardipes
764 995 813 1071 36,
845 993 873 1056 7.
897 993 1141 1076 —primaevus
1162 991 1211 1070 64,
1234 991 1306 1057 401.

207 1104 377 1169 semihians
399 1103 449 1181 61,
472 1102 543 1166 216.
574 1099 781 1168 *6661166166
805 1101 910 1179 54,·2.
940 1102 1164 1167 semimortuus
1186 1101 1310 1180 50,15.

208 1214 378 1279 semirasus
399 1214 449 1291 59,
472 1214 501 1276 5.
531 1213 800 1293 septemgeminus
823 1212 872 1292 11,
898 1211 927 1274 7.
958 1210 1188 1294 sesquipedalis
1204 1211 1255 1290 97,
1278 1210 1308 1273 5.

306 1340 479 1406 Praeterea
501 1356 572 1403 cum
586 1337 735 1403 Cicerone
757 1340 934 1402 communia
956 1344 1033 1404 sunt
1054 1338 1172 1405 aurifer
1191 1336 1308 1420 29,19.

208 1448 271 1516 Cic.
305 1447 401 1530 Soph.
422 1450 448 1529 Ι,
478 1449 528 1514 43.
559 1448 735 1515 clarisonus
758 1450 809 1529 64,
832 1449 901 1513 125.
925 1450 996 1513 326.
1039 1447 1100 1515 Cic.
1125 1451 1215 1514 Aret.
1237 1449 1308 1527 280,

210 1577 282 1625 cum
297 1558 445 1624 Lucretio
468 1557 695 1638 6666166664,
718 1560 789 1623 366.
816 1558 906 1625 Lucr.
927 1557 978 1637 VI,
995 1560 1024 1624 6.
1044 1559 1095 1622 24.
1125 1557 1309 1624 raucisonus

209 1668 259 1743 64,
283 1669 354 1733 263.
397 1666 549 1752 Lucan,
572 1668 643 1733 619.
688 1668 725 1751 V,
749 1667 840 1733 1684.
1124 1670 1128 1678 ’

310 1793 391 1860 Sunt
412 1793 587 1878 singulam
609 1813 659 1860 vv.
680 1794 719 1859 87
745 1794 798 1874 (27
821 1793 854 1858 16
874 1813 926 1859 vv.
941 1794 1046 1876 2356),
1066 1793 1163 1859 dubia
1176 1792 1203 1860 61
1219 1792 1310 1860 addis

212 1902 242 1966 16
266 1922 315 1969 vv.
337 1903 387 1984 75,
418 1904 445 1970 si
469 1904 596 1984 quidem
626 1902 746 1969 166661
772 1901 938 1985 complecti
961 1902 1175 1969 diversissima
1197 1901 1311 1967 diversi

212 2013 362 2094 temporis
383 2013 532 2079 earmina.
576 2012 621 2078 At
642 2013 777 2097 epyllion
798 2012 952 2096 imprimis
977 2014 1009 2077 61
1024 2012 1164 2079 Attidem
1186 2029 1311 2094 compo·

213 2121 281 2186 sitis
302 2122 468 2205 exquisitis
500 2122 676 2187 exuberare
708 2122 826 2186 dudum
863 2122 1115 2188 animadversum
1148 2126 1206 2188 est.
1250 2121 1312 2187 Est

208 2248 322 2296 novum
356 2231 450 2297 huius
479 2231 511 2295 in
535 2249 585 2295 vv.
611 2232 692 2312 18³l5
722 2232 863 2310 (omnino
886 2232 916 2295 in
939 2249 987 2297 vv.
1012 2232 1074 2315 15),
1100 2231 1183 2296 111166
1204 2231 1236 2294 16
1260 2249 1308 2296 vv.

91 2391 93 2395 ,
209 2339 292 2418 4516
313 2340 453 2420 (omnino
474 2341 506 2405 in
529 2359 578 2406 vv.
599 2342 663 2422 23).
706 2340 858 2405 Invitavit
880 2339 1056 2406 carminum
1077 2340 1223 2420 altitudo,
1245 2339 1309 2404 illic

210 2448 339 2531 insuper
371 2450 466 2515 metri
499 2448 599 2516 favor.
641 2449 884 2532 Epigrammata
906 2432 1069 2530 ¹pedestria
1099 2468 1160 2516 non
1183 2456 1233 2516 est
1255 2468 1310 2515 cur

213 2576 381 2624 moremur.
426 2560 542 2624 Verum
577 2560 665 2625 661
699 2560 943 2641 compositorum
976 2564 1091 2626 ornatu
1126 2561 1227 2643 magis
1261 2566 1310 2626 est

212 2668 399 2734 destitutum
430 2687 526 2750 quam
559 2673 731 2734 vetuerunt
756 2670 877 2734 numeri
899 2667 1106 2753 breviusculi3
1140 2675 1172 2735 et
1193 2687 1310 2736 vacuus

210 2776 275 2843 fere
297 2780 347 2844 est
370 2777 541 2843 cottidiano
564 2798 642 2845 sane
663 2778 736 2845 usui
759 2780 882 2845 dicatus
896 2779 1090 2862 hymenaeus
1109 2797 1136 2845 6.
1150 2781 1201 2844 62.
1236 2778 1310 2857 Qui-

209 2887 270 2952 bus
291 2888 393 2969 magis
413 2887 523 2953 stilum
544 2887 666 2968 epicum
680 2886 829 2960 *adfectat
851 2906 875 2954 c.
898 2887 1006 2968 68b2).
1049 2888 1117 2953 Iam
1148 2893 1268 2969 quanto
1291 2907 1310 2953 a

211 2997 324 3062 ceteris
347 2995 465 3063 distant
487 2997 624 3080 epyllion
649 3003 682 3063 61
703 2997 801 3079 Attis,
834 3002 925 3063 tanto
949 2993 1028 3064 haec
1059 2998 1141 3063 inter
1171 3015 1205 3062 se
1235 3000 1311 3063 sunt

209 3105 335 3172 similia.
375 3106 478 3185 Quam
510 3126 577 3173 rem
606 3109 781 3174 carminum
808 3108 912 3174 indole
938 3107 1125 3189 simpliciter
1152 3105 1310 3188 explicare

210 3234 320 3282 vereor
341 3204 381 3283 ut
398 3215 544 3283 sufficiat.
573 3216 680 3298 Atque
701 3217 733 3282 16
754 3219 929 3284 hexametri
953 3220 1023 3284 arte
1044 3216 1180 3300 epyllion
1198 3215 1310 3281 ceteris

208 3326 399 3393 carminibus
421 3327 608 3393 antecedere
637 3327 697 3393 scis
724 3329 913 3395 observasse
933 3327 991 3393 Th.
1014 3327 1149 3393 Birtium
1172 3328 1193 3393 l.
1216 3327 1238 3392 1.
1257 3344 1309 3408 pg.

130 3437 134 3444 ’
210 3436 265 3517 24,
287 3453 414 3502 carmen
435 3436 475 3502 de
496 3435 606 3502 Attide
628 3436 838 3504 adulescentis
857 3455 919 3504 non
941 3456 1011 3505 6666
1025 3436 1218 3519 persuadere
1232 3434 1310 3501 mihi

313 3720 339 3790 1)
356 3719 412 3774 Ubi
431 3720 662 3792 plumipedais
681 3722 804 3778 scribare
821 3722 949 3792 praefero
967 3739 1030 3777 cum
1044 3721 1126 3776 Conr.
1139 3720 1309 3794 Rosahergio

209 3817 238 3873 in
256 3817 391 3873 Fleckeia.
412 3834 475 3873 ann.
494 3820 563 3875 1877
575 3836 622 3889 pg.
634 3819 694 3885 176,
714 3836 797 3888 quam
815 3823 910 3873 166666
927 3818 1055 3875 codicum
1072 3819 1219 3875 flexionem
1231 3836 1310 3890 grae-

209 3932 270 3970 cam
288 3915 318 3970 in
336 3915 423 3970 verbo
441 3914 530 3970 latino
548 3916 713 3985 admissam3
746 3916 872 3973 turbavit
898 3917 944 3972 hio
964 3934 1073 3988 quoque
1101 3917 1247 3972 librarium
1269 3917 1309 3972 di·

209 4012 381 4081 phthongus.

145 4113 149 4117 ’
317 4109 346 4179 2)
364 4108 421 4164 Ubi
438 4125 501 4164 cum
520 4125 622 4163 novum
650 4109 740 4163 66116
758 4127 801 4165 vv.
814 4111 858 4178 40,
877 4108 1003 4165 Catullus
1022 4109 1155 4165 audacior
1172 4113 1215 4164 661
1226 4128 1308 4180 quam

210 4205 239 4259 in
262 4206 378 4279 oppilio,
406 4225 463 4263 non
490 4211 586 4263 tamen
608 4206 798 4278 ponderosior.
835 4207 965 4263 Ceterum
989 4223 1101 4264 carmen
1120 4207 1196 4262 inter
1214 4209 1309 4278 priora

211 4319 269 4359 6666
288 4310 408 4362 constat.
