3020 4756
651 408 685 420 ..
724 381 828 433 16*-

197 572 258 617 non
280 570 418 634 possum.
449 552 539 619 Licet
551 551 633 617 enim
645 552 677 616 in
693 570 728 617 re
750 553 882 619 metrica
904 552 946 619 sit
966 550 1237 636 perfectissimum,
1260 552 1292 617 in

192 662 328 729 dictione
362 663 440 728 rude
474 661 642 727 admodum
672 660 800 728 videtur
828 667 861 728 et
891 663 1054 729 incultum.
1099 662 1179 740 Quid
1207 662 1290 743 quod

189 772 272 838 idem
302 772 490 838 vocabulum
525 771 608 837 intra
641 772 807 853 pauciores
835 791 946 839 versus
971 773 1181 854 compluriens
1203 771 1289 837 baud

190 883 352 965 eleganter
374 882 500 965 repetiit
521 879 683 962 Catullus3
717 881 788 945 ride
816 882 860 946 sis
887 900 1016 947 nemora
1040 902 1067 947 4.
1093 883 1141 946 12.
1164 883 1214 946 20.
1238 883 1287 945 52.

190 993 240 1058 58.
267 993 306 1056 70
328 992 444 1072 ubique
479 992 537 1057 sub
569 988 631 1057 fine
664 1007 774 1056 versus
806 990 953 1070 positum,
987 995 1152 1074 praeterea
1179 1009 1207 1056 4.
1228 992 1286 1071 32;

191 1121 290 1184 vagus
315 1102 343 1167 4.
367 1103 415 1169 13.
438 1104 487 1166 25.
509 1101 559 1166 31.
583 1101 634 1178 36,
668 1099 752 1179 4441
774 1100 892 1165 totiens
911 1101 1048 1165 occurrit
1069 1101 1101 1165 in
1123 1098 1239 1182 epyllio
1261 1117 1289 1164 4.

189 1211 260 1275 225.
282 1210 354 1275 271.
378 1211 447 1277 277.
470 1212 544 1275 380.
566 1210 639 1290 389,
672 1209 703 1272 14
737 1208 851 1274 4414114
873 1212 997 1273 tantum
1021 1227 1046 1273 e.
1070 1209 1121 1286 61,
1146 1210 1215 1273 110.
1238 1209 1287 1288 65,

190 1319 245 1401 17;
269 1319 349 1385 adde
372 1319 453 1385 citus
475 1322 524 1385 30.
544 1319 595 1383 42.
619 1317 735 1384 citatus
757 1321 786 1382 2.
809 1318 904 1383 8.15.
926 1319 975 1382 18.
991 1318 1041 1382 26.
1064 1316 1167 1382 rabies
1188 1319 1217 1382 3.
1233 1316 1284 1381 44.

188 1429 237 1494 57.
264 1429 393 1495 rabidus
424 1430 473 1494 16.
495 1431 546 1494 38.
568 1430 617 1493 03.
653 1429 782 1510 1441144
804 1428 855 1492 34.
876 1427 927 1491 44.
950 1429 1001 1492 85.
1043 1425 1157 1504 Qualia
1178 1426 1286 1508 aliqua

188 1557 228 1604 ex
250 1543 342 1620 parte
361 1543 446 1605 certe
462 1543 652 1605 excusantur
668 1537 817 1604 carminis
832 1537 950 1621 indole;
971 1539 1079 1601 tamen
1096 1542 1132 1601 ut
1146 1536 1287 1603 variaret

187 1667 249 1715 non
272 1649 458 1715 defecissent
480 1649 643 1714 cultiorem
667 1654 803 1731 poetam,
842 1645 1024 1714 1414441441
1046 1645 1190 1711 tironem.
1235 1644 1285 1708 An
1322 1654 1325 1657 ’

187 1757 347 1823 adfectata
368 1758 446 1823 11444
467 1775 535 1822 4444
555 1757 687 1824 censes?
788 1814 791 1819 .

285 1868 353 1935 Iam
376 1867 525 1948 quoniam
549 1867 723 1933 carminum
747 1865 996 1931 Catullianorum
1020 1864 1184 1945 tetigimus
1203 1862 1286 1926 ordi·

187 1997 267 2057 nem,
292 1978 323 2042 in
343 1982 528 2044 transcursu
547 1995 649 2059 44444
670 1977 765 2043 liceat
785 1975 901 2040 addere
923 1975 963 2039 14
983 1991 1008 2038 4.
1032 1974 1082 2037 49.
1126 1971 1195 2050 Quo
1218 1971 1285 2034 exi·

187 2086 283 2151 miam
317 2086 475 2153 Ciceronis
509 2087 719 2168 eloquentiam
757 2084 902 2150 laudibus
938 2082 1084 2166 prosequi
1121 2080 1283 2146 Catullum

186 2198 279 2278 eique
291 2197 375 2277 quod
388 2196 531 2263 (laelium
547 2198 682 2263 amicum
698 2194 919 2262 Comeliumve
934 2192 987 2272 (41.
1003 2191 1143 2258 Schwab.
1159 2193 1284 2271 444441.

187 2326 236 2389 44.
263 2308 332 2372 127.
355 2308 431 2390 321)
463 2307 513 2372 441
544 2307 646 2388 ipsum
677 2303 853 2369 defenderit
885 2301 1122 2368 maledicentiae
1144 2297 1283 2379 144141),

184 2417 364 2497 persolvere
389 2418 522 2499 gratias,
546 2416 643 2480 miror
664 2416 749 2481 credi
771 2417 866 2481 etiam
890 2418 963 2497 post
983 2415 1019 2481 Ο.
1040 2412 1190 2479 Ribbecki
1213 2410 1286 2493 (Ca-

185 2526 252 2590 1411.
278 2545 328 2608 pg.
351 2528 405 2605 22)
437 2532 469 2592 41
490 2525 525 2592 Ο.
544 2525 640 2592 141141
674 2525 750 2605 (Cic.
771 2531 849 2591 orat.
873 2525 920 2589 ed.
944 2525 1002 2590 lll.
1023 2543 1073 2607 44.
1096 2521 1131 2606 8)
1158 2520 1283 2587 dubita·

183 2635 301 2700 tionem
324 2635 496 2702 indicatam
519 2640 654 2715 tantum,
686 2653 746 2699 non
770 2635 970 2718 explicatam.
1015 2630 1281 2699 Proficiscendum

184 2750 233 2809 441
255 2763 383 2812 444144
406 2746 529 2827 5,,4411
550 2728 744 2827 pessimus
767 2746 906 2811 omnium
921 2746 1046 2826 poeta“,
1069 2741 1124 2822 qui
1149 2742 1284 2806 iteratus

182 2871 282 2934 aeque
305 2860 402 2937 41444
424 2854 590 2920 omnium
624 2860 674 2920 ter
697 2872 861 2920 recurrens
892 2853 923 2917 14
946 2851 1057 2917 eadem
1080 2868 1189 2915 441444
1211 2847 1285 2912 sede
1317 2940 1318 2944 Ἰ

185 2963 287 3042 444411
310 2967 345 3028 ut
364 2969 535 3045 prematur.
572 2964 617 3029 At
637 2962 799 3029 Catullum
822 2968 916 3045 putas
931 2981 965 3028 se
980 2949 1081 3044 ipsum
1098 2960 1284 3025 ardornasse
1382 3039 1384 3043 .
1496 2960 1508 2991 ⁹

185 3072 327 3152 epitheto
350 3090 412 3153 quo
440 3072 602 3138 damnavit
624 3071 785 3153 Aquinios‘
800 3070 925 3137 Caesius
949 3068 1095 3135 Suffenos
1116 3063 1283 3133 Volusios?

183 3179 228 3245 ut
252 3182 383 3265 impedit
410 3181 531 3248 stabilis
560 3182 654 3247 huius
678 3180 820 3247 vocabuli
842 3180 928 3262 apud
950 3178 1111 3244 Catullum
1134 3193 1209 3240 usus
1230 3169 1283 3254 (ci.

184 3310 209 3357 c.
232 3291 280 3370 14,
303 3293 353 3356 23.
376 3293 426 3372 36,
451 3291 485 3374 6)
517 3291 685 3373 quominus
707 3289 929 3356 maledicus
957 3289 1017 3353 boc
1038 3304 1107 3354 csse
1128 3283 1281 3351 statuenti

183 3400 416 3482 adstipulamur
438 3398 597 3466 Pleitnero
628 3404 685 3465 aut
707 3418 743 3463 eo
765 3398 956 3481 accipiamus
977 3416 1070 3464 seusu
1092 3415 1154 3480 quo
1178 3394 1282 3459 44144-
1361 3434 1365 3440 -

184 3514 260 3574 1441
280 3508 445 3590 Helbigius
467 3514 500 3574 et
522 3508 703 3574 Schwabius
725 3508 746 3573 1.
765 3508 786 3573 l.
809 3526 861 3589 44.
885 3508 945 3572 127
975 3506 1168 3589 44441141444
1198 3502 1284 3568 4111-

118 3606 121 3611 ⁴
183 3619 259 3685 trati
294 3617 453 3683 Catullum
488 3618 562 3684 olim
596 3619 680 3700 quod
713 3617 854 3683 versibus
877 3614 1066 3682 celebrasset
1088 3614 1234 3681 Lesbiam
1243 3611 1282 3694 ²);

184 3731 267 3811 4441
301 3730 333 3793 14
363 3730 425 3796 1144
448 3730 586 3795 carmine
608 3728 683 3810 quid
707 3727 764 3792 sibi
787 3720 866 3791 velit
884 3744 945 3791 non
967 3726 1131 3807 perspicio.
1173 3707 1284 3802 Neque

183 3839 265 3904 enim
297 3839 436 3920 Intellegi
469 3845 576 3920 potest
609 3837 689 3904 illud
721 3838 916 3918 pessimus
948 3837 1009 3903 nisi
1031 3836 1070 3901 de
1091 3841 1186 3918 44414
1206 3831 1282 3898 mali

283 4112 310 4180 1)
329 4109 363 4164 Id
381 4109 456 4178 quod
474 4107 584 4163 infieete
603 4107 688 4162 sumit
707 4107 737 4162 O.
750 4071 907 4162 Pleitnerus
925 4107 954 4160 in
971 4107 1045 4161 libro
1058 4104 1104 4174 qui
1117 4103 1283 4158 inscribitur

183 4209 319 4280 „Studien
337 4227 372 4262 zu
390 4207 532 4262 Catullus“
551 4205 665 4275 Dilling.
685 4224 709 4260 4.
730 4205 799 4260 1876
819 4204 885 4260 4111.
904 4223 950 4275 pg.
972 4206 1024 4264 128
1042 4221 1082 4273 44.

283 4308 311 4377 2)
330 4306 433 4361 Contra
451 4322 521 4373 quoe
540 4303 602 4359 vide
621 4303 706 4357 etiam
726 4321 796 4373 quae
813 4303 921 4358 monuit
941 4301 1074 4357 Ribbeck.
1094 4301 1113 4356 1.
1131 4301 1150 4355 l.
1171 4319 1217 4372 44.
1236 4301 1279 4357 52.
