3020 4756
644 343 819 393 ,31-

190 514 318 582 iteravit
346 511 492 580 Herculis
526 516 637 578 auctor
665 514 838 595 vetustum,
871 512 1007 589 alterum
1040 511 1123 592 quod
1155 497 1284 594 prorsus

186 625 285 691 evitat
319 626 349 688 in
372 623 475 690 licus
499 622 646 688 exeuntia
676 621 813 686 Senecae
849 624 917 685 tum
948 640 1025 704 prae
1047 623 1160 688 ceteris
1180 627 1283 705 grata.

187 733 331 814 Denique
353 732 445 797 huius
468 731 663 798 formationis
684 749 766 812 quae
789 730 905 796 adsunt
926 731 957 794 iu
978 729 1091 797 ceteris
1113 731 1284 813 tragoediis

185 861 268 909 nova
296 843 323 909 si
351 842 573 925 desumpserim
607 841 656 906 his
681 840 849 907 Herculem
881 840 1012 904 audacia
1032 840 1218 906 antecedere
1241 840 1284 904 vi·

80 1016 84 1023 ,
186 952 289 1032 debis3
312 951 395 1032 quod
419 958 524 1017 tamen
549 951 628 1017 satis
648 950 748 1016 habco
774 968 965 1016 memorasse
978 948 1013 1034 ¹).

286 1059 409 1127 Addam
442 1060 583 1127 sterilem
614 1078 683 1125 esse
705 1058 926 1125 Germanicum
951 1059 982 1124 in
1004 1060 1132 1124 Arateis
1155 1058 1284 1140 Calpur-

189 1172 277 1236 nium
309 1171 492 1251 scriptorem
517 1170 638 1234 Aetnae
669 1174 830 1235 auctorem
864 1168 1044 1250 panegyrici
1071 1170 1103 1233 in
1123 1169 1284 1243 Pisonem;

187 1279 306 1361 elegiae
324 1280 354 1343 in
367 1278 584 1345 Maecenatem
600 1279 695 1360 priori
712 1276 795 1358 quod
811 1277 954 1342 restituit
975 1275 1148 1342 Salmasius
1168 1277 1284 1344 *omni-

188 1391 309 1472 peritns
341 1408 370 1455 v.
402 1389 461 1452 110
504 1388 593 1454 video
626 1406 734 1452 omncs
765 1386 908 1469 probare.
966 1385 1003 1450 ln
1042 1387 1171 1452 Petroni
1211 1405 1285 1451 vero

188 1519 281 1564 versu
302 1519 329 1564 c.
355 1499 425 1580 133,
460 1498 480 1560 4
508 1498 560 1576 qui
596 1496 736 1561 traditur
770 1497 800 1559 iu
831 1496 956 1577 scriptis
983 1496 1142 1577 plerisque
1169 1513 1283 1576 „quem

187 1609 294 1689 Lydus
327 1608 440 1672 adorat
468 1604 698 1687 Septitluus
731 1604 921 1688 templisque
949 1624 975 1670 e.
999 1587 1286 1686 (1111111111-

189 1715 409 1796 certissimam.
453 1715 610 1781 Conduxit
631 1714 804 1781 Columella
827 1715 1016 1797 *nubifugus
1030 1715 1067 1793 X,
1091 1715 1162 1798 288,
1184 1713 1285 1778 Phae-

188 1826 264 1890 drus
286 1825 481 1891 *alticinctus
502 1826 545 1910 ΙΙ,
567 1826 596 1909 5,
620 1827 668 1890 11.

288 1935 467 2018 Supersunt
489 1934 646 2000 Iuvenalis
668 1941 700 2000 et
723 1934 879 2000 Martialis
900 1934 1076 2015 pedestres;
1110 1941 1144 2001 et
1165 1936 1286 2017 placuit

191 2045 232 2110 illi
255 2063 373 2110 novere
402 2046 566 2128 *seguipcs
587 2047 616 2123 8,
646 2047 696 2122 67,
724 2045 797 2111 huic
820 2042 956 2109 *cistilcr
978 2045 1016 2125 V,
1038 2045 1087 2127 17,
1109 2045 1138 2108 4.
1162 2044 1286 2110 honori-

188 2152 267 2221 ficus
290 2154 328 2238 ll,
350 2155 402 2231 45,
424 2156 454 2219 2.
486 2152 687 2236 *Rhenigena
705 2154 760 2236 lll,
782 2155 832 2232 35,
855 2154 885 2233 4,
908 2155 991 2233 quod
1012 2154 1145 2218 debetur
1160 2152 1285 2219 Schnei-

188 2262 318 2341 dewino,
349 2263 546 2328 *semifultus
571 2264 610 2341 V,
635 2264 683 2342 14,
708 2263 736 2329 9.
770 2263 971 2330 *semitectus
1000 2263 1053 2340 Vl,
1077 2264 1126 2347 74,
1148 2265 1177 2326 2.
1210 2263 1285 2328 *tri-

188 2370 248 2436 filis
269 2373 324 2454 VI,
349 2372 397 2448 74,
423 2375 459 2452 2,·
492 2369 597 2436 vitifer
629 2377 737 2437 autem
763 2379 796 2436 ct
817 2373 1006 2437 multisonus
1032 2371 1186 2439 Martialis
1206 2392 1282 2438 num

188 2482 343 2548 invenerit
375 2481 515 2561 dignosci
547 2499 607 2545 uon
635 2500 729 2564 posse
750 2500 847 2562 supra
869 2482 1016 2547 vidimus.
1057 2481 1138 2548 Sunt
1159 2482 1283 2563 singula

192 2591 221 2654 iu
245 2610 295 2655 vu.
319 2592 401 2656 1586
433 2594 466 2669 (6
489 2594 519 2656 in
542 2610 591 2656 vv.
615 2589 713 2657 ferme
735 2590 841 2676 9519),
875 2592 970 2656 dubia
1001 2592 1027 2658 si
1062 2592 1151 2658 addis
1178 2593 1210 2656 in
1234 2612 1284 2657 vv.

190 2700 280 2764 1189.
310 2700 370 2764 Sed
393 2702 540 2766 attendas
562 2700 713 2783 pleraque
735 2719 838 2766 essee
854 2702 1007 2767 numerali
1024 2702 1285 2783 ducteprosaria.

287 2808 355 2872 Iarn
379 2807 527 2887 quonlam
550 2807 676 2871 saccula
699 2807 845 2886 sequiora
868 2806 944 2870 nihil
968 2808 1111 2873 tulerunt
1137 2809 1169 2875 in
1192 2827 1283 2872 usum

189 2916 381 2997 1111111113),
415 2915 531 2979 soeculi
564 2915 670 2996 quarti
693 2920 862 2996 emergunt
887 2922 1010 2996 poetae.
1053 2918 1176 2995 Agmen
1199 2915 1285 2981 ducit

187 3022 1284 3107 OptatianusPortyriuseorrfingens(ed.L.Mueller1877):me-

188 3134 314 3199 delliler
336 3134 387 3215 24,
410 3135 458 3198 12.
493 3132 656 3215 gratificus
676 3136 703 3215 l,
719 3135 748 3198 6.
782 3132 960 3199 *versificus
980 3136 1028 3215 19,
1052 3136 1080 3199 7.
1113 3134 1285 3199 *Constan-

187 3242 327 3321 tiuigena
348 3241 378 3321 4,
400 3243 430 3307 3.
463 3238 667 3322 *Musigenus
700 3243 728 3324 6,
755 3242 785 3306 4.
819 3240 1016 3307 *Treusicola
1042 3244 1093 3325 22,
1116 3243 1164 3307 21.
1187 3241 1283 3306 dulci·

187 3366 283 3415 sonus
307 3352 357 3434 27,
380 3352 409 3416 4.

288 3459 643 3543 Sequiturluvencus,
665 3461 717 3541 qui
731 3463 760 3524 iu
777 3463 914 3528 carmine
935 3479 996 3544 quo
1012 3462 1180 3543 explicavit
1190 3481 1283 3527 euan-

188 3567 272 3648 gella
292 3569 468 3635 delectatus
490 3576 538 3636 est
560 3572 647 3636 novis
669 3570 735 3636 his:
758 3570 922 3637 santificus
944 3572 968 3651 I,
991 3573 1042 3639 33.
1074 3570 1215 3638 vivificus
1231 3572 1283 3655 IV,

289 3759 313 3825 1)
340 3756 472 3812 Octaviae
500 3763 599 3813 auctor
621 3761 661 3813 ita
684 3758 790 3828 sprevit
812 3759 1029 3827 compositorum
1051 3762 1188 3823 ornatum,
1209 3758 1284 3813 nulla

190 3858 223 3907 ut
240 3854 386 3923 placerent
407 3855 460 3908 nisi
485 3854 618 3908 detritum
642 3855 815 3925 grandaevus
841 3873 866 3911 v.
888 3857 921 3908 14
943 3859 971 3909 et
989 3855 1143 3925 prosarium
1163 3855 1283 3907 maxime

187 3951 350 4005 manifestus
369 3969 394 4005 v.
414 3932 476 4006 5'53.

286 4049 313 4117 2)
332 4047 420 4102 Huius
439 4048 514 4117 quod
532 4048 623 4103 fertur
640 4066 751 4103 carmen
772 4050 805 4103 Α.
824 4049 854 4105 L.
874 4050 927 4103 763
945 4049 1061 4103 exhibet
1078 4047 1234 4101 *florieolor
1255 4066 1281 4103 v.

188 4147 202 4196 1
225 4143 271 4198 vix
288 4145 370 4200 huius
389 4148 488 4202 aetatis
501 4146 644 4201 inductum
662 4146 763 4202 colore.

286 4244 314 4312 3)
330 4243 372 4297 De
389 4245 473 4300 titulo
492 4244 519 4298 C.
540 4244 559 4297 l.
578 4243 608 4297 L.
629 4244 664 4313 ll,
683 4246 755 4299 2660
773 4244 838 4300 vide
857 4261 942 4313 supra
958 4261 1004 4313 pg.
1023 4245 1049 4296 8.
