<?xml version="1.0" encoding="UTF-8"?>
<!DOCTYPE html PUBLIC "-//W3C//DTD XHTML 1.0 Transitional//EN"
    "http://www.w3.org/TR/xhtml1/DTD/xhtml1-transitional.dtd">
<html xmlns="http://www.w3.org/1999/xhtml" xml:lang="en" lang="en">
 <head>
  <title>
</title>
<meta http-equiv="Content-Type" content="text/html;charset=utf-8" />
  <meta name='ocr-system' content='tesseract 3.04.00' />
  <meta name='ocr-capabilities' content='ocr_page ocr_carea ocr_par ocr_line ocrx_word'/>
</head>
<body>
  <div class='ocr_page' id='page_1' title='image "./deadiectivispoe00seitgoog_0024.png"; bbox 0 0 3020 4756; ppageno 0'>
   <div class='ocr_carea' id='block_1_1' title="bbox 676 323 853 373">
    <p class='ocr_par' dir='ltr' id='par_1_1' title="bbox 676 323 853 373">
     <span class='ocr_line' id='line_1_1' title="bbox 676 323 853 373; baseline 0 -13"><span class='ocrx_word' id='word_1_1' title='bbox 676 323 853 373; x_wconf 71' lang='lat'><strong>..17-</strong></span> 
     </span>
    </p>
   </div>
   <div class='ocr_carea' id='block_1_2' title="bbox 212 491 1364 1230">
    <p class='ocr_par' dir='ltr' id='par_1_2' title="bbox 212 491 1364 1230">
     <span class='ocr_line' id='line_1_2' title="bbox 214 491 1317 577; baseline 0.004 -20"><span class='ocrx_word' id='word_1_2' title='bbox 214 493 402 573; x_wconf 79' lang='lat' dir='ltr'>hebetIsque</span> <span class='ocrx_word' id='word_1_3' title='bbox 415 491 540 572; x_wconf 85' lang='lat' dir='ltr'>ingenii.</span> <span class='ocrx_word' id='word_1_4' title='bbox 572 491 618 558; x_wconf 89' lang='lat' dir='ltr'>De</span> <span class='ocrx_word' id='word_1_5' title='bbox 640 510 733 558; x_wconf 87' lang='lat' dir='ltr'>versu</span> <span class='ocrx_word' id='word_1_6' title='bbox 757 498 863 558; x_wconf 89' lang='lat' dir='ltr'>autem</span> <span class='ocrx_word' id='word_1_7' title='bbox 885 494 996 559; x_wconf 91' lang='lat' dir='ltr'>ultimo</span> <span class='ocrx_word' id='word_1_8' title='bbox 1012 500 1153 576; x_wconf 90' lang='lat' dir='ltr'>„quanto</span> <span class='ocrx_word' id='word_1_9' title='bbox 1176 500 1212 560; x_wconf 91' lang='lat' dir='ltr'>tu</span> <span class='ocrx_word' id='word_1_10' title='bbox 1234 497 1317 577; x_wconf 90' lang='lat' dir='ltr'>opti-</span> 
     </span>
     <span class='ocr_line' id='line_1_3' title="bbox 213 600 1317 685; baseline 0.004 -20"><span class='ocrx_word' id='word_1_11' title='bbox 213 621 284 667; x_wconf 88' lang='lat' dir='ltr'>mus</span> <span class='ocrx_word' id='word_1_12' title='bbox 307 600 475 666; x_wconf 92' lang='lat' dir='ltr'>omnium</span> <span class='ocrx_word' id='word_1_13' title='bbox 499 602 676 682; x_wconf 90' lang='lat' dir='ltr'>patronus“</span> <span class='ocrx_word' id='word_1_14' title='bbox 701 619 830 683; x_wconf 87' lang='lat' dir='ltr'>prorsus</span> <span class='ocrx_word' id='word_1_15' title='bbox 852 603 928 668; x_wconf 91' lang='lat' dir='ltr'>mihi</span> <span class='ocrx_word' id='word_1_16' title='bbox 952 605 1110 685; x_wconf 79' lang='lat' dir='ltr'><strong>persuasit</strong></span> <span class='ocrx_word' id='word_1_17' title='bbox 1131 605 1167 668; x_wconf 86' lang='grc' dir='ltr'>Ε.</span> <span class='ocrx_word' id='word_1_18' title='bbox 1190 604 1317 671; x_wconf 88' lang='lat' dir='ltr'>Woelff-</span> 
     </span>
     <span class='ocr_line' id='line_1_4' title="bbox 212 710 1312 795; baseline 0.001 -18"><span class='ocrx_word' id='word_1_19' title='bbox 212 712 333 789; x_wconf 78' lang='lat' dir='ltr'>linus1)</span> <span class='ocrx_word' id='word_1_20' title='bbox 377 710 538 776; x_wconf 86' lang='lat' dir='ltr'>Catullum</span> <span class='ocrx_word' id='word_1_21' title='bbox 571 711 784 793; x_wconf 78' lang='lat' dir='ltr'>perstringere</span> <span class='ocrx_word' id='word_1_22' title='bbox 817 717 908 777; x_wconf 90' lang='lat' dir='ltr'>ratus</span> <span class='ocrx_word' id='word_1_23' title='bbox 944 712 1135 794; x_wconf 80' lang='lat' dir='ltr'>Ciceronem,</span> <span class='ocrx_word' id='word_1_24' title='bbox 1171 721 1206 779; x_wconf 93' lang='lat' dir='ltr'>ut</span> <span class='ocrx_word' id='word_1_25' title='bbox 1237 718 1312 795; x_wconf 88' lang='lat' dir='ltr'>pote</span> 
     </span>
     <span class='ocr_line' id='line_1_5' title="bbox 212 820 1306 906; baseline 0.003 -22"><span class='ocrx_word' id='word_1_26' title='bbox 212 823 266 900; x_wconf 93' lang='lat' dir='ltr'>qui</span> <span class='ocrx_word' id='word_1_27' title='bbox 297 824 467 901; x_wconf 89' lang='lat' dir='ltr'>postquam</span> <span class='ocrx_word' id='word_1_28' title='bbox 498 838 581 884; x_wconf 88' lang='lat' dir='ltr'>anno</span> <span class='ocrx_word' id='word_1_29' title='bbox 601 820 663 883; x_wconf 86' lang='grc'><strong>698</strong></span> <span class='ocrx_word' id='word_1_30' title='bbox 686 838 715 882; x_wconf 89' lang='lat' dir='ltr'>a.</span> <span class='ocrx_word' id='word_1_31' title='bbox 738 840 769 883; x_wconf 89' lang='lat' dir='ltr'>n.</span> <span class='ocrx_word' id='word_1_32' title='bbox 791 821 949 888; x_wconf 90' lang='lat' dir='ltr'>accusarit</span> <span class='ocrx_word' id='word_1_33' title='bbox 971 822 1142 906; x_wconf 89' lang='lat' dir='ltr'>Vatinium,</span> <span class='ocrx_word' id='word_1_34' title='bbox 1174 824 1306 889; x_wconf 90' lang='lat' dir='ltr'>eundem</span> 
     </span>
     <span class='ocr_line' id='line_1_6' title="bbox 213 928 1314 1009; baseline 0.001 -15"><span class='ocrx_word' id='word_1_35' title='bbox 213 930 334 995; x_wconf 91' lang='lat' dir='ltr'>duobus</span> <span class='ocrx_word' id='word_1_36' title='bbox 365 930 457 994; x_wconf 89' lang='lat' dir='ltr'>annis</span> <span class='ocrx_word' id='word_1_37' title='bbox 494 934 568 1009; x_wconf 87' lang='lat' dir='ltr'>post</span> <span class='ocrx_word' id='word_1_38' title='bbox 600 946 661 991; x_wconf 93' lang='lat' dir='ltr'>non</span> <span class='ocrx_word' id='word_1_39' title='bbox 684 928 879 994; x_wconf 79' lang='lat' dir='ltr'>dubitarent</span> <span class='ocrx_word' id='word_1_40' title='bbox 900 928 1076 997; x_wconf 86' lang='lat' dir='ltr'>defendere.</span> <span class='ocrx_word' id='word_1_41' title='bbox 1120 931 1187 996; x_wconf 92' lang='lat' dir='ltr'>Hoc</span> <span class='ocrx_word' id='word_1_42' title='bbox 1209 937 1314 997; x_wconf 91' lang='lat' dir='ltr'>tamen</span> 
     </span>
     <span class='ocr_line' id='line_1_7' title="bbox 214 1037 1364 1122; baseline 0.002 -18"><span class='ocrx_word' id='word_1_43' title='bbox 214 1040 240 1104; x_wconf 89' lang='lat' dir='ltr'>si</span> <span class='ocrx_word' id='word_1_44' title='bbox 263 1040 442 1118; x_wconf 91' lang='lat' dir='ltr'>statuimus,</span> <span class='ocrx_word' id='word_1_45' title='bbox 475 1055 578 1118; x_wconf 88' lang='lat' dir='ltr'>neque</span> <span class='ocrx_word' id='word_1_46' title='bbox 612 1038 645 1102; x_wconf 94' lang='lat' dir='ltr'>in</span> <span class='ocrx_word' id='word_1_47' title='bbox 677 1037 796 1104; x_wconf 88' lang='lat' dir='ltr'>incerto</span> <span class='ocrx_word' id='word_1_48' title='bbox 827 1039 1067 1122; x_wconf 90' lang='lat' dir='ltr'>relinquendum</span> <span class='ocrx_word' id='word_1_49' title='bbox 1102 1048 1180 1120; x_wconf 90' lang='lat' dir='ltr'>erat,</span> <span class='ocrx_word' id='word_1_50' title='bbox 1214 1059 1313 1122; x_wconf 88' lang='lat' dir='ltr'>quare</span> <span class='ocrx_word' id='word_1_51' title='bbox 1362 1116 1364 1120; x_wconf 12' lang='lat' dir='ltr'>v</span> 
     </span>
     <span class='ocr_line' id='line_1_8' title="bbox 213 1134 1312 1230; baseline 0.003 -17"><span class='ocrx_word' id='word_1_52' title='bbox 213 1153 385 1214; x_wconf 87' lang='lat' dir='ltr'>commotus</span> <span class='ocrx_word' id='word_1_53' title='bbox 408 1134 553 1212; x_wconf 85' lang='lat' dir='ltr'>Catullus</span> <span class='ocrx_word' id='word_1_54' title='bbox 576 1147 685 1212; x_wconf 81' lang='lat' dir='ltr'>ederet</span> <span class='ocrx_word' id='word_1_55' title='bbox 706 1147 786 1212; x_wconf 93' lang='lat' dir='ltr'>illud</span> <span class='ocrx_word' id='word_1_56' title='bbox 807 1149 847 1213; x_wconf 90' lang='lat' dir='ltr'>de</span> <span class='ocrx_word' id='word_1_57' title='bbox 868 1147 1024 1230; x_wconf 84' lang='lat' dir='ltr'>Cicerone,</span> <span class='ocrx_word' id='word_1_58' title='bbox 1047 1153 1080 1214; x_wconf 89' lang='lat' dir='ltr'>et</span> <span class='ocrx_word' id='word_1_59' title='bbox 1100 1169 1190 1216; x_wconf 87' lang='lat' dir='ltr'>suam</span> <span class='ocrx_word' id='word_1_60' title='bbox 1216 1152 1312 1216; x_wconf 86' lang='lat' dir='ltr'>rerba</span> 
     </span>
    </p>
   </div>
   <div class='ocr_carea' id='block_1_3' title="bbox 152 1256 1314 3198">
    <p class='ocr_par' dir='ltr' id='par_1_3' title="bbox 175 1256 1314 2322">
     <span class='ocr_line' id='line_1_9' title="bbox 210 1256 1314 1340; baseline 0.002 -17"><span class='ocrx_word' id='word_1_61' title='bbox 210 1258 328 1338; x_wconf 78' lang='lat' dir='ltr'>udsq.</span> <span class='ocrx_word' id='word_1_62' title='bbox 352 1257 495 1340; x_wconf 82' lang='lat' dir='ltr'>„gratias</span> <span class='ocrx_word' id='word_1_63' title='bbox 517 1256 572 1320; x_wconf 91' lang='lat' dir='ltr'>tibi</span> <span class='ocrx_word' id='word_1_64' title='bbox 596 1257 752 1322; x_wconf 81' lang='lat' dir='ltr'>maximas</span> <span class='ocrx_word' id='word_1_65' title='bbox 775 1256 918 1323; x_wconf 83' lang='lat' dir='ltr'>Catullus</span> <span class='ocrx_word' id='word_1_66' title='bbox 940 1258 1015 1340; x_wconf 82' lang='lat' dir='ltr'>Agit</span> <span class='ocrx_word' id='word_1_67' title='bbox 1037 1261 1193 1339; x_wconf 89' lang='lat' dir='ltr'>pessimus</span> <span class='ocrx_word' id='word_1_68' title='bbox 1215 1261 1314 1325; x_wconf 93' lang='lat' dir='ltr'>omni·</span> 
     </span>
     <span class='ocr_line' id='line_1_10' title="bbox 209 1367 1309 1450; baseline 0.005 -21"><span class='ocrx_word' id='word_1_69' title='bbox 209 1385 263 1430; x_wconf 89' lang='lat' dir='ltr'>um</span> <span class='ocrx_word' id='word_1_70' title='bbox 284 1369 399 1448; x_wconf 84' lang='lat' dir='ltr'>poeta“</span> <span class='ocrx_word' id='word_1_71' title='bbox 421 1372 555 1449; x_wconf 89' lang='lat' dir='ltr'>poscunt</span> <span class='ocrx_word' id='word_1_72' title='bbox 577 1367 834 1447; x_wconf 82' lang='lat' dir='ltr'>explicationem,</span> <span class='ocrx_word' id='word_1_73' title='bbox 876 1367 907 1432; x_wconf 92' lang='lat' dir='ltr'>id</span> <span class='ocrx_word' id='word_1_74' title='bbox 937 1368 1020 1447; x_wconf 91' lang='lat' dir='ltr'>quod</span> <span class='ocrx_word' id='word_1_75' title='bbox 1053 1368 1134 1450; x_wconf 78' lang='lat' dir='ltr'>fugit</span> <span class='ocrx_word' id='word_1_76' title='bbox 1157 1367 1309 1435; x_wconf 87' lang='lat' dir='ltr'>Woelffli-</span> 
     </span>
     <span class='ocr_line' id='line_1_11' title="bbox 208 1476 1307 1559; baseline 0.005 -20"><span class='ocrx_word' id='word_1_77' title='bbox 208 1493 295 1540; x_wconf 92' lang='lat' dir='ltr'>num.</span> <span class='ocrx_word' id='word_1_78' title='bbox 340 1476 446 1555; x_wconf 86' lang='lat' dir='ltr'>Atque</span> <span class='ocrx_word' id='word_1_79' title='bbox 477 1478 578 1541; x_wconf 88' lang='lat' dir='ltr'>neseio</span> <span class='ocrx_word' id='word_1_80' title='bbox 612 1494 686 1540; x_wconf 94' lang='lat' dir='ltr'>num</span> <span class='ocrx_word' id='word_1_81' title='bbox 715 1476 779 1553; x_wconf 87' lang='lat' dir='ltr'>alii,</span> <span class='ocrx_word' id='word_1_82' title='bbox 812 1477 958 1557; x_wconf 87' lang='lat' dir='ltr'>equidem</span> <span class='ocrx_word' id='word_1_83' title='bbox 980 1496 1105 1559; x_wconf 89' lang='lat' dir='ltr'>semper</span> <span class='ocrx_word' id='word_1_84' title='bbox 1127 1478 1201 1543; x_wconf 87' lang='lat' dir='ltr'>milri</span> <span class='ocrx_word' id='word_1_85' title='bbox 1222 1480 1307 1544; x_wconf 90' lang='lat' dir='ltr'>visus</span> 
     </span>
     <span class='ocr_line' id='line_1_12' title="bbox 209 1584 1308 1667; baseline 0.004 -21"><span class='ocrx_word' id='word_1_86' title='bbox 209 1601 279 1647; x_wconf 91' lang='lat' dir='ltr'>sum</span> <span class='ocrx_word' id='word_1_87' title='bbox 303 1584 336 1647; x_wconf 92' lang='lat' dir='ltr'>in</span> <span class='ocrx_word' id='word_1_88' title='bbox 358 1602 454 1650; x_wconf 88' lang='lat' dir='ltr'>versu</span> <span class='ocrx_word' id='word_1_89' title='bbox 475 1584 494 1648; x_wconf 90' lang='lat'>5</span> <span class='ocrx_word' id='word_1_90' title='bbox 516 1584 626 1649; x_wconf 85' lang='lat' dir='ltr'>audire</span> <span class='ocrx_word' id='word_1_91' title='bbox 646 1585 745 1667; x_wconf 91' lang='lat' dir='ltr'>ipsius</span> <span class='ocrx_word' id='word_1_92' title='bbox 766 1585 924 1651; x_wconf 84' lang='lat' dir='ltr'>Ciceronis</span> <span class='ocrx_word' id='word_1_93' title='bbox 943 1586 981 1650; x_wconf 90' lang='lat' dir='ltr'>de</span> <span class='ocrx_word' id='word_1_94' title='bbox 1003 1586 1128 1652; x_wconf 87' lang='lat' dir='ltr'>Catullo</span> <span class='ocrx_word' id='word_1_95' title='bbox 1152 1587 1308 1666; x_wconf 91' lang='lat' dir='ltr'>iudicium,</span> 
     </span>
     <span class='ocr_line' id='line_1_13' title="bbox 209 1693 1307 1775; baseline 0.003 -18"><span class='ocrx_word' id='word_1_96' title='bbox 209 1711 271 1775; x_wconf 89' lang='lat' dir='ltr'>quo</span> <span class='ocrx_word' id='word_1_97' title='bbox 294 1693 344 1758; x_wconf 90' lang='lat' dir='ltr'>hic</span> <span class='ocrx_word' id='word_1_98' title='bbox 363 1695 527 1762; x_wconf 88' lang='lat' dir='ltr'>lacessitus</span> <span class='ocrx_word' id='word_1_99' title='bbox 547 1695 659 1761; x_wconf 87' lang='lat' dir='ltr'>acerbe</span> <span class='ocrx_word' id='word_1_100' title='bbox 681 1695 842 1762; x_wconf 89' lang='lat' dir='ltr'>invehitur</span> <span class='ocrx_word' id='word_1_101' title='bbox 858 1697 893 1763; x_wconf 62' lang='lat' dir='ltr'>,in</span> <span class='ocrx_word' id='word_1_102' title='bbox 908 1702 1077 1762; x_wconf 87' lang='lat' dir='ltr'>oratorem.</span> <span class='ocrx_word' id='word_1_103' title='bbox 1109 1698 1160 1762; x_wconf 91' lang='lat' dir='ltr'>Ita</span> <span class='ocrx_word' id='word_1_104' title='bbox 1183 1697 1307 1762; x_wconf 91' lang='lat' dir='ltr'>insueta</span> 
     </span>
     <span class='ocr_line' id='line_1_14' title="bbox 175 1803 1307 1886; baseline 0.002 -18"><span class='ocrx_word' id='word_1_105' title='bbox 175 1814 333 1884; x_wconf 89' lang='lat' dir='ltr'>&#39;quoque</span> <span class='ocrx_word' id='word_1_106' title='bbox 364 1808 397 1869; x_wconf 93' lang='lat' dir='ltr'>et</span> <span class='ocrx_word' id='word_1_107' title='bbox 425 1804 586 1871; x_wconf 89' lang='lat' dir='ltr'>sollemnis</span> <span class='ocrx_word' id='word_1_108' title='bbox 613 1805 741 1885; x_wconf 87' lang='lat' dir='ltr'>„Marce</span> <span class='ocrx_word' id='word_1_109' title='bbox 762 1805 867 1870; x_wconf 86' lang='lat' dir='ltr'>Tulli“</span> <span class='ocrx_word' id='word_1_110' title='bbox 898 1803 1057 1871; x_wconf 88' lang='lat' dir='ltr'>adlocutio</span> <span class='ocrx_word' id='word_1_111' title='bbox 1079 1805 1249 1886; x_wconf 82' lang='lat' dir='ltr'>expeditur</span> <span class='ocrx_word' id='word_1_112' title='bbox 1270 1811 1307 1870; x_wconf 90' lang='lat' dir='ltr'>ut</span> 
     </span>
     <span class='ocr_line' id='line_1_15' title="bbox 206 1912 1306 1994; baseline 0.003 -19"><span class='ocrx_word' id='word_1_113' title='bbox 206 1912 304 1977; x_wconf 88' lang='lat' dir='ltr'>severi</span> <span class='ocrx_word' id='word_1_114' title='bbox 326 1918 360 1979; x_wconf 93' lang='lat' dir='ltr'>et</span> <span class='ocrx_word' id='word_1_115' title='bbox 380 1914 604 1994; x_wconf 89' lang='lat' dir='ltr'>omnipotentis</span> <span class='ocrx_word' id='word_1_116' title='bbox 628 1913 747 1980; x_wconf 85' lang='lat' dir='ltr'>iudicis.</span> <span class='ocrx_word' id='word_1_117' title='bbox 777 1912 925 1979; x_wconf 90' lang='lat' dir='ltr'>Ceterum</span> <span class='ocrx_word' id='word_1_118' title='bbox 947 1933 986 1979; x_wconf 84' lang='lat' dir='ltr'>ex</span> <span class='ocrx_word' id='word_1_119' title='bbox 1009 1932 1034 1978; x_wconf 90' lang='lat' dir='ltr'>c.</span> <span class='ocrx_word' id='word_1_120' title='bbox 1050 1914 1091 1978; x_wconf 87' lang='lat'>50</span> <span class='ocrx_word' id='word_1_121' title='bbox 1113 1913 1154 1979; x_wconf 94' lang='lat' dir='ltr'>ad</span> <span class='ocrx_word' id='word_1_122' title='bbox 1175 1913 1306 1978; x_wconf 91' lang='lat' dir='ltr'>Calvum</span> 
     </span>
     <span class='ocr_line' id='line_1_16' title="bbox 207 2018 1307 2105; baseline 0.004 -22"><span class='ocrx_word' id='word_1_123' title='bbox 207 2018 282 2084; x_wconf 90' lang='lat' dir='ltr'>dato</span> <span class='ocrx_word' id='word_1_124' title='bbox 308 2020 347 2084; x_wconf 93' lang='lat' dir='ltr'>de</span> <span class='ocrx_word' id='word_1_125' title='bbox 370 2024 470 2086; x_wconf 89' lang='lat' dir='ltr'>nostri</span> <span class='ocrx_word' id='word_1_126' title='bbox 496 2023 645 2088; x_wconf 87' lang='lat' dir='ltr'>carminis</span> <span class='ocrx_word' id='word_1_127' title='bbox 667 2022 770 2087; x_wconf 93' lang='lat' dir='ltr'>indole</span> <span class='ocrx_word' id='word_1_128' title='bbox 793 2021 913 2101; x_wconf 91' lang='lat' dir='ltr'>aliquid</span> <span class='ocrx_word' id='word_1_129' title='bbox 947 2021 1090 2087; x_wconf 89' lang='lat' dir='ltr'>concludi</span> <span class='ocrx_word' id='word_1_130' title='bbox 1112 2041 1204 2105; x_wconf 90' lang='lat' dir='ltr'>posse</span> <span class='ocrx_word' id='word_1_131' title='bbox 1226 2023 1307 2087; x_wconf 85' lang='lat' dir='ltr'>arlo-</span> 
     </span>
     <span class='ocr_line' id='line_1_17' title="bbox 206 2129 1306 2213; baseline 0.004 -21"><span class='ocrx_word' id='word_1_132' title='bbox 206 2129 293 2196; x_wconf 87' lang='lat' dir='ltr'>latus</span> <span class='ocrx_word' id='word_1_133' title='bbox 319 2134 368 2195; x_wconf 89' lang='lat' dir='ltr'>est</span> <span class='ocrx_word' id='word_1_134' title='bbox 382 2130 528 2196; x_wconf 85' lang='lat' dir='ltr'>Suessius</span> <span class='ocrx_word' id='word_1_135' title='bbox 550 2131 710 2213; x_wconf 90' lang='lat' dir='ltr'>ceteroqui</span> <span class='ocrx_word' id='word_1_136' title='bbox 733 2131 772 2195; x_wconf 91' lang='lat' dir='ltr'>de</span> <span class='ocrx_word' id='word_1_137' title='bbox 787 2130 910 2196; x_wconf 88' lang='lat' dir='ltr'>Catullo</span> <span class='ocrx_word' id='word_1_138' title='bbox 933 2135 966 2194; x_wconf 91' lang='lat' dir='ltr'>et</span> <span class='ocrx_word' id='word_1_139' title='bbox 981 2130 1076 2195; x_wconf 89' lang='lat' dir='ltr'>Calvo</span> <span class='ocrx_word' id='word_1_140' title='bbox 1100 2131 1208 2197; x_wconf 87' lang='lat' dir='ltr'>amieis</span> <span class='ocrx_word' id='word_1_141' title='bbox 1230 2137 1306 2212; x_wconf 87' lang='lat' dir='ltr'>apte</span> 
     </span>
     <span class='ocr_line' id='line_1_18' title="bbox 204 2239 1120 2322; baseline 0.001 -19"><span class='ocrx_word' id='word_1_142' title='bbox 204 2252 376 2322; x_wconf 80' lang='lat' dir='ltr'>exponens3</span> <span class='ocrx_word' id='word_1_143' title='bbox 402 2239 534 2303; x_wconf 90' lang='lat' dir='ltr'>sociavit</span> <span class='ocrx_word' id='word_1_144' title='bbox 555 2239 633 2304; x_wconf 81' lang='lat' dir='ltr'>liaeo</span> <span class='ocrx_word' id='word_1_145' title='bbox 653 2240 796 2304; x_wconf 90' lang='lat' dir='ltr'>carmina</span> <span class='ocrx_word' id='word_1_146' title='bbox 817 2239 951 2304; x_wconf 84' lang='lat' dir='ltr'>sortasse</span> <span class='ocrx_word' id='word_1_147' title='bbox 974 2242 1120 2304; x_wconf 88' lang='lat' dir='ltr'>metrum.</span> 
     </span>
    </p>

    <p class='ocr_par' dir='ltr' id='par_1_4' title="bbox 152 2347 1305 3198">
     <span class='ocr_line' id='line_1_19' title="bbox 303 2347 1305 2430; baseline 0.003 -18"><span class='ocrx_word' id='word_1_148' title='bbox 303 2347 393 2427; x_wconf 83' lang='lat' dir='ltr'>Quae</span> <span class='ocrx_word' id='word_1_149' title='bbox 414 2347 440 2414; x_wconf 90' lang='lat' dir='ltr'>si</span> <span class='ocrx_word' id='word_1_150' title='bbox 465 2353 550 2414; x_wconf 89' lang='lat' dir='ltr'>recte</span> <span class='ocrx_word' id='word_1_151' title='bbox 571 2349 734 2430; x_wconf 88' lang='lat' dir='ltr'>disputata</span> <span class='ocrx_word' id='word_1_152' title='bbox 756 2352 841 2429; x_wconf 92' lang='lat' dir='ltr'>sunt,</span> <span class='ocrx_word' id='word_1_153' title='bbox 863 2367 887 2413; x_wconf 90' lang='lat' dir='ltr'>c.</span> <span class='ocrx_word' id='word_1_154' title='bbox 907 2349 947 2413; x_wconf 79' lang='lat'>49</span> <span class='ocrx_word' id='word_1_155' title='bbox 970 2366 1032 2412; x_wconf 93' lang='lat' dir='ltr'>non</span> <span class='ocrx_word' id='word_1_156' title='bbox 1055 2353 1104 2414; x_wconf 91' lang='lat' dir='ltr'>est</span> <span class='ocrx_word' id='word_1_157' title='bbox 1126 2349 1245 2429; x_wconf 91' lang='lat' dir='ltr'>tironis,</span> <span class='ocrx_word' id='word_1_158' title='bbox 1269 2355 1305 2415; x_wconf 92' lang='lat' dir='ltr'>ut</span> 
     </span>
     <span class='ocr_line' id='line_1_20' title="bbox 203 2457 1302 2541; baseline -0.002 -17"><span class='ocrx_word' id='word_1_159' title='bbox 203 2462 307 2527; x_wconf 86' lang='lat' dir='ltr'>visum</span> <span class='ocrx_word' id='word_1_160' title='bbox 329 2464 378 2525; x_wconf 89' lang='lat' dir='ltr'>est</span> <span class='ocrx_word' id='word_1_161' title='bbox 392 2457 590 2541; x_wconf 88' lang='lat' dir='ltr'>Westphalio</span> <span class='ocrx_word' id='word_1_162' title='bbox 607 2459 743 2525; x_wconf 91' lang='lat' dir='ltr'>multum</span> <span class='ocrx_word' id='word_1_163' title='bbox 765 2458 896 2538; x_wconf 76' lang='lat' dir='ltr'>nuganti</span> <span class='ocrx_word' id='word_1_164' title='bbox 919 2458 958 2523; x_wconf 89' lang='lat' dir='ltr'>de</span> <span class='ocrx_word' id='word_1_165' title='bbox 977 2457 1125 2523; x_wconf 88' lang='lat' dir='ltr'>Cicerone</span> <span class='ocrx_word' id='word_1_166' title='bbox 1142 2463 1175 2524; x_wconf 89' lang='lat' dir='ltr'>et</span> <span class='ocrx_word' id='word_1_167' title='bbox 1189 2458 1302 2524; x_wconf 87' lang='lat' dir='ltr'>Lesbia</span> 
     </span>
     <span class='ocr_line' id='line_1_21' title="bbox 201 2567 1299 2654; baseline -0.003 -18"><span class='ocrx_word' id='word_1_168' title='bbox 201 2571 254 2654; x_wconf 84' lang='lat' dir='ltr'>(ci.</span> <span class='ocrx_word' id='word_1_169' title='bbox 275 2591 327 2654; x_wconf 80' lang='lat' dir='ltr'>pg.</span> <span class='ocrx_word' id='word_1_170' title='bbox 344 2572 430 2654; x_wconf 83' lang='lat'>241),</span> <span class='ocrx_word' id='word_1_171' title='bbox 453 2571 506 2635; x_wconf 92' lang='lat' dir='ltr'>sed</span> <span class='ocrx_word' id='word_1_172' title='bbox 529 2587 569 2636; x_wconf 82' lang='lat' dir='ltr'>ex</span> <span class='ocrx_word' id='word_1_173' title='bbox 591 2570 770 2635; x_wconf 83' lang='lat' dir='ltr'>novissimis</span> <span class='ocrx_word' id='word_1_174' title='bbox 793 2571 1009 2651; x_wconf 90' lang='lat' dir='ltr'>scriptumque</span> <span class='ocrx_word' id='word_1_175' title='bbox 1033 2574 1106 2650; x_wconf 91' lang='lat' dir='ltr'>post</span> <span class='ocrx_word' id='word_1_176' title='bbox 1121 2569 1150 2633; x_wconf 91' lang='lat' dir='ltr'>d.</span> <span class='ocrx_word' id='word_1_177' title='bbox 1167 2570 1204 2633; x_wconf 86' lang='lat' dir='ltr'>V.</span> <span class='ocrx_word' id='word_1_178' title='bbox 1220 2567 1299 2633; x_wconf 84' lang='lat' dir='ltr'>Non.</span> 
     </span>
     <span class='ocr_line' id='line_1_22' title="bbox 202 2673 1297 2760; baseline 0.001 -15"><span class='ocrx_word' id='word_1_179' title='bbox 202 2680 333 2757; x_wconf 82' lang='lat' dir='ltr'>Quintil.</span> <span class='ocrx_word' id='word_1_180' title='bbox 355 2700 416 2748; x_wconf 93' lang='lat' dir='ltr'>non</span> <span class='ocrx_word' id='word_1_181' title='bbox 439 2681 539 2746; x_wconf 92' lang='lat' dir='ltr'>multo</span> <span class='ocrx_word' id='word_1_182' title='bbox 560 2684 635 2744; x_wconf 88' lang='lat' dir='ltr'>ante</span> <span class='ocrx_word' id='word_1_183' title='bbox 656 2698 751 2760; x_wconf 89' lang='lat' dir='ltr'>quarn</span> <span class='ocrx_word' id='word_1_184' title='bbox 775 2679 918 2745; x_wconf 89' lang='lat' dir='ltr'>Catullus</span> <span class='ocrx_word' id='word_1_185' title='bbox 943 2678 1040 2744; x_wconf 91' lang='lat' dir='ltr'>edidit</span> <span class='ocrx_word' id='word_1_186' title='bbox 1062 2673 1187 2744; x_wconf 87' lang='lat' dir='ltr'>librum.</span> <span class='ocrx_word' id='word_1_187' title='bbox 1230 2679 1297 2746; x_wconf 85' lang='lat' dir='ltr'>Hoc</span> 
     </span>
     <span class='ocr_line' id='line_1_23' title="bbox 191 2787 1300 2855; baseline 0.001 -3"><span class='ocrx_word' id='word_1_188' title='bbox 191 2791 286 2852; x_wconf 59' lang='lat' dir='ltr'>‘enim</span> <span class='ocrx_word' id='word_1_189' title='bbox 318 2807 424 2855; x_wconf 90' lang='lat' dir='ltr'>mense</span> <span class='ocrx_word' id='word_1_190' title='bbox 446 2789 609 2855; x_wconf 89' lang='lat' dir='ltr'>Vatinium</span> <span class='ocrx_word' id='word_1_191' title='bbox 642 2788 833 2854; x_wconf 84' lang='lat' dir='ltr'>aCicerone</span> <span class='ocrx_word' id='word_1_192' title='bbox 865 2787 1027 2853; x_wconf 87' lang='lat' dir='ltr'>defensum</span> <span class='ocrx_word' id='word_1_193' title='bbox 1058 2788 1193 2853; x_wconf 87' lang='lat' dir='ltr'>conlatis</span> <span class='ocrx_word' id='word_1_194' title='bbox 1222 2790 1300 2855; x_wconf 85' lang='lat' dir='ltr'>locis</span> 
     </span>
     <span class='ocr_line' id='line_1_24' title="bbox 152 2895 1292 2979; baseline 0 -17"><span class='ocrx_word' id='word_1_195' title='bbox 152 2974 155 2979; x_wconf 70' lang='lat'>‚</span> <span class='ocrx_word' id='word_1_196' title='bbox 203 2896 359 2962; x_wconf 89' lang='lat' dir='ltr'>Ciceronis</span> <span class='ocrx_word' id='word_1_197' title='bbox 381 2900 420 2963; x_wconf 89' lang='lat' dir='ltr'>ad</span> <span class='ocrx_word' id='word_1_198' title='bbox 442 2899 509 2964; x_wconf 91' lang='lat' dir='ltr'>Att.</span> <span class='ocrx_word' id='word_1_199' title='bbox 534 2898 589 2976; x_wconf 92' lang='lat' dir='ltr'>IV,</span> <span class='ocrx_word' id='word_1_200' title='bbox 606 2900 635 2978; x_wconf 88' lang='lat'>6,</span> <span class='ocrx_word' id='word_1_201' title='bbox 659 2900 678 2961; x_wconf 87' lang='lat'>5</span> <span class='ocrx_word' id='word_1_202' title='bbox 699 2903 731 2961; x_wconf 90' lang='lat' dir='ltr'>et</span> <span class='ocrx_word' id='word_1_203' title='bbox 752 2897 792 2961; x_wconf 87' lang='lat' dir='ltr'>ad</span> <span class='ocrx_word' id='word_1_204' title='bbox 815 2896 919 2973; x_wconf 80' lang='lat' dir='ltr'>Quint.</span> <span class='ocrx_word' id='word_1_205' title='bbox 945 2895 1017 2960; x_wconf 88' lang='lat' dir='ltr'>irat.</span> <span class='ocrx_word' id='word_1_206' title='bbox 1041 2897 1080 2977; x_wconf 93' lang='lat' dir='ltr'>ll,</span> <span class='ocrx_word' id='word_1_207' title='bbox 1105 2898 1153 2976; x_wconf 90' lang='grc'>16,</span> <span class='ocrx_word' id='word_1_208' title='bbox 1178 2899 1198 2962; x_wconf 88' lang='lat'><strong>3</strong></span> <span class='ocrx_word' id='word_1_209' title='bbox 1220 2914 1292 2962; x_wconf 90' lang='lat' dir='ltr'>eon·</span> 
     </span>
     <span class='ocr_line' id='line_1_25' title="bbox 200 3005 1293 3088; baseline 0 -18"><span class='ocrx_word' id='word_1_210' title='bbox 200 3005 362 3087; x_wconf 77' lang='lat' dir='ltr'>ligandum</span> <span class='ocrx_word' id='word_1_211' title='bbox 394 3012 443 3073; x_wconf 88' lang='lat' dir='ltr'>est</span> <span class='ocrx_word' id='word_1_212' title='bbox 473 3012 507 3073; x_wconf 89' lang='lat' dir='ltr'>et</span> <span class='ocrx_word' id='word_1_213' title='bbox 532 3008 672 3088; x_wconf 78' lang='lat' dir='ltr'>conlegit</span> <span class='ocrx_word' id='word_1_214' title='bbox 693 3007 730 3072; x_wconf 88' lang='lat' dir='ltr'>G.</span> <span class='ocrx_word' id='word_1_215' title='bbox 755 3006 958 3072; x_wconf 84' lang='lat' dir='ltr'>lllatthiesius</span> <span class='ocrx_word' id='word_1_216' title='bbox 983 3005 1015 3068; x_wconf 93' lang='lat' dir='ltr'>in</span> <span class='ocrx_word' id='word_1_217' title='bbox 1034 3023 1144 3069; x_wconf 90' lang='lat' dir='ltr'>comm.</span> <span class='ocrx_word' id='word_1_218' title='bbox 1167 3006 1243 3087; x_wconf 91' lang='lat' dir='ltr'>phil.</span> <span class='ocrx_word' id='word_1_219' title='bbox 1263 3008 1293 3070; x_wconf 93' lang='lat' dir='ltr'>in</span> 
     </span>
     <span class='ocr_line' id='line_1_26' title="bbox 199 3112 1091 3198; baseline -0.001 -21"><span class='ocrx_word' id='word_1_220' title='bbox 199 3112 237 3179; x_wconf 85' lang='lat' dir='ltr'>G.</span> <span class='ocrx_word' id='word_1_221' title='bbox 259 3113 348 3182; x_wconf 91' lang='lat' dir='ltr'>Curti</span> <span class='ocrx_word' id='word_1_222' title='bbox 370 3117 480 3182; x_wconf 86' lang='lat' dir='ltr'>honor.</span> <span class='ocrx_word' id='word_1_223' title='bbox 503 3116 589 3198; x_wconf 89' lang='lat' dir='ltr'>Lips.</span> <span class='ocrx_word' id='word_1_224' title='bbox 611 3135 639 3180; x_wconf 91' lang='lat' dir='ltr'>a.</span> <span class='ocrx_word' id='word_1_225' title='bbox 663 3115 745 3182; x_wconf 82' lang='lat'>1874</span> <span class='ocrx_word' id='word_1_226' title='bbox 766 3115 841 3180; x_wconf 91' lang='lat' dir='ltr'>edit.</span> <span class='ocrx_word' id='word_1_227' title='bbox 862 3132 914 3196; x_wconf 85' lang='lat' dir='ltr'>pg.</span> <span class='ocrx_word' id='word_1_228' title='bbox 939 3115 999 3178; x_wconf 85' lang='lat' dir='ltr'>loo</span> <span class='ocrx_word' id='word_1_229' title='bbox 1019 3112 1091 3177; x_wconf 89' lang='lat' dir='ltr'>adn.</span> 
     </span>
    </p>
   </div>
   <div class='ocr_carea' id='block_1_4' title="bbox 194 3237 1296 3559">
    <p class='ocr_par' dir='ltr' id='par_1_5' title="bbox 194 3237 1296 3559">
     <span class='ocr_line' id='line_1_27' title="bbox 296 3237 1296 3322; baseline 0 -18"><span class='ocrx_word' id='word_1_230' title='bbox 296 3240 364 3305; x_wconf 90' lang='lat' dir='ltr'>lam</span> <span class='ocrx_word' id='word_1_231' title='bbox 387 3242 568 3322; x_wconf 83' lang='lat' dir='ltr'>Vergilio</span> <span class='ocrx_word' id='word_1_232' title='bbox 592 3260 674 3306; x_wconf 88' lang='lat' dir='ltr'>nova</span> <span class='ocrx_word' id='word_1_233' title='bbox 696 3242 885 3322; x_wconf 86' lang='lat' dir='ltr'>placuerunt</span> <span class='ocrx_word' id='word_1_234' title='bbox 918 3237 1049 3319; x_wconf 78' lang='lat' dir='ltr'>haeo2):</span> <span class='ocrx_word' id='word_1_235' title='bbox 1088 3239 1189 3320; x_wconf 83' lang='lat' dir='ltr'>aliger</span> <span class='ocrx_word' id='word_1_236' title='bbox 1211 3239 1247 3304; x_wconf 91' lang='lat' dir='ltr'>A.</span> <span class='ocrx_word' id='word_1_237' title='bbox 1270 3240 1296 3320; x_wconf 93' lang='lat' dir='ltr'>l,</span> 
     </span>
     <span class='ocr_line' id='line_1_28' title="bbox 196 3346 1295 3431; baseline 0.001 -18"><span class='ocrx_word' id='word_1_238' title='bbox 196 3350 266 3414; x_wconf 86' lang='grc'><strong>663.</strong></span> <span class='ocrx_word' id='word_1_239' title='bbox 300 3351 374 3431; x_wconf 87' lang='lat' dir='ltr'>llll,</span> <span class='ocrx_word' id='word_1_240' title='bbox 396 3352 468 3415; x_wconf 82' lang='grc'><strong>249.</strong></span> <span class='ocrx_word' id='word_1_241' title='bbox 513 3349 639 3417; x_wconf 83' lang='lat' dir='ltr'>caelifer</span> <span class='ocrx_word' id='word_1_242' title='bbox 661 3352 697 3415; x_wconf 86' lang='lat' dir='ltr'>A.</span> <span class='ocrx_word' id='word_1_243' title='bbox 721 3350 776 3430; x_wconf 89' lang='lat' dir='ltr'>Vl,</span> <span class='ocrx_word' id='word_1_244' title='bbox 809 3350 878 3414; x_wconf 86' lang='grc'><strong>796.</strong></span> <span class='ocrx_word' id='word_1_245' title='bbox 923 3346 1040 3413; x_wconf 86' lang='lat' dir='ltr'>coniier</span> <span class='ocrx_word' id='word_1_246' title='bbox 1072 3348 1109 3411; x_wconf 88' lang='lat' dir='ltr'>A.</span> <span class='ocrx_word' id='word_1_247' title='bbox 1132 3348 1190 3427; x_wconf 90' lang='lat' dir='ltr'>III,</span> <span class='ocrx_word' id='word_1_248' title='bbox 1224 3351 1295 3414; x_wconf 87' lang='lat'><strong>680.</strong></span> 
     </span>
     <span class='ocr_line' id='line_1_29' title="bbox 194 3456 1293 3559; baseline 0 -37"><span class='ocrx_word' id='word_1_249' title='bbox 194 3457 303 3523; x_wconf 85' lang='lat' dir='ltr'>fatifer</span> <span class='ocrx_word' id='word_1_250' title='bbox 324 3461 363 3559; x_wconf 89' lang='lat' dir='ltr'>A.</span> <span class='ocrx_word' id='word_1_251' title='bbox 387 3459 477 3535; x_wconf 89' lang='lat' dir='ltr'>VIII,</span> <span class='ocrx_word' id='word_1_252' title='bbox 500 3462 569 3524; x_wconf 91' lang='grc'><strong>621.</strong></span> <span class='ocrx_word' id='word_1_253' title='bbox 597 3459 654 3539; x_wconf 89' lang='lat' dir='ltr'>IX,</span> <span class='ocrx_word' id='word_1_254' title='bbox 678 3460 748 3525; x_wconf 88' lang='grc'><strong>631.</strong></span> <span class='ocrx_word' id='word_1_255' title='bbox 792 3456 918 3522; x_wconf 73' lang='lat' dir='ltr'>furuit&#39;er</span> <span class='ocrx_word' id='word_1_256' title='bbox 952 3460 987 3522; x_wconf 91' lang='lat' dir='ltr'>A.</span> <span class='ocrx_word' id='word_1_257' title='bbox 1023 3457 1110 3537; x_wconf 90' lang='lat' dir='ltr'>VIII,</span> <span class='ocrx_word' id='word_1_258' title='bbox 1139 3460 1210 3524; x_wconf 82' lang='lat'><strong>255.</strong></span> <span class='ocrx_word' id='word_1_259' title='bbox 1241 3458 1293 3538; x_wconf 87' lang='lat' dir='ltr'>IX,</span> 
     </span>
    </p>
   </div>
   <div class='ocr_carea' id='block_1_5' title="bbox 191 3744 1293 4207">
    <p class='ocr_par' dir='ltr' id='par_1_6' title="bbox 191 3744 1293 4109">
     <span class='ocr_line' id='line_1_30' title="bbox 299 3744 1293 3818; baseline 0.002 -20"><span class='ocrx_word' id='word_1_260' title='bbox 299 3745 325 3817; x_wconf 87' lang='lat'>1)</span> <span class='ocrx_word' id='word_1_261' title='bbox 344 3746 427 3799; x_wconf 81' lang='lat' dir='ltr'>Cuius</span> <span class='ocrx_word' id='word_1_262' title='bbox 447 3747 613 3802; x_wconf 83' lang='lat' dir='ltr'>sententiam</span> <span class='ocrx_word' id='word_1_263' title='bbox 638 3746 766 3817; x_wconf 81' lang='lat' dir='ltr'>exposuit</span> <span class='ocrx_word' id='word_1_264' title='bbox 784 3746 807 3801; x_wconf 91' lang='lat' dir='ltr'>I.</span> <span class='ocrx_word' id='word_1_265' title='bbox 826 3744 951 3799; x_wconf 82' lang='lat' dir='ltr'>Suessiua</span> <span class='ocrx_word' id='word_1_266' title='bbox 970 3744 1114 3801; x_wconf 86' lang='lat' dir='ltr'>Catullian.</span> <span class='ocrx_word' id='word_1_267' title='bbox 1140 3747 1161 3799; x_wconf 93' lang='lat' dir='ltr'>l.</span> <span class='ocrx_word' id='word_1_268' title='bbox 1179 3746 1293 3818; x_wconf 79' lang='lat' dir='ltr'>Erlang.</span> 
     </span>
     <span class='ocr_line' id='line_1_31' title="bbox 196 3843 1289 3915; baseline 0 -19"><span class='ocrx_word' id='word_1_269' title='bbox 196 3844 264 3898; x_wconf 88' lang='grc'><strong>1876</strong></span> <span class='ocrx_word' id='word_1_270' title='bbox 283 3866 318 3890; x_wconf 91' lang='grc'>--</span> <span class='ocrx_word' id='word_1_271' title='bbox 336 3848 389 3900; x_wconf 78' lang='lat' dir='ltr'>act.</span> <span class='ocrx_word' id='word_1_272' title='bbox 410 3862 476 3900; x_wconf 85' lang='lat' dir='ltr'>aem.</span> <span class='ocrx_word' id='word_1_273' title='bbox 494 3844 561 3915; x_wconf 85' lang='lat' dir='ltr'>phil.</span> <span class='ocrx_word' id='word_1_274' title='bbox 580 3845 693 3914; x_wconf 86' lang='lat' dir='ltr'>Erlang.</span> <span class='ocrx_word' id='word_1_275' title='bbox 713 3843 732 3895; x_wconf 93' lang='lat' dir='ltr'>I.</span> <span class='ocrx_word' id='word_1_276' title='bbox 756 3845 825 3898; x_wconf 91' lang='grc'><strong>1877</strong></span> <span class='ocrx_word' id='word_1_277' title='bbox 843 3861 890 3914; x_wconf 81' lang='lat' dir='ltr'>pg.</span> <span class='ocrx_word' id='word_1_278' title='bbox 909 3845 943 3897; x_wconf 82' lang='lat'>29</span> <span class='ocrx_word' id='word_1_279' title='bbox 963 3861 1012 3912; x_wconf 80' lang='lat' dir='ltr'>sq,</span> <span class='ocrx_word' id='word_1_280' title='bbox 1036 3844 1185 3913; x_wconf 87' lang='lat' dir='ltr'>probatam</span> <span class='ocrx_word' id='word_1_281' title='bbox 1206 3845 1289 3897; x_wconf 87' lang='lat' dir='ltr'>etiarn</span> 
     </span>
     <span class='ocr_line' id='line_1_32' title="bbox 192 3939 1288 4011; baseline 0.001 -18"><span class='ocrx_word' id='word_1_282' title='bbox 192 3939 226 3994; x_wconf 87' lang='lat' dir='ltr'>K.</span> <span class='ocrx_word' id='word_1_283' title='bbox 245 3939 277 3994; x_wconf 90' lang='lat' dir='ltr'>P.</span> <span class='ocrx_word' id='word_1_284' title='bbox 296 3940 425 3996; x_wconf 83' lang='lat' dir='ltr'>Schulzio</span> <span class='ocrx_word' id='word_1_285' title='bbox 453 3944 483 3996; x_wconf 90' lang='lat' dir='ltr'>in</span> <span class='ocrx_word' id='word_1_286' title='bbox 511 3957 573 3995; x_wconf 81' lang='lat' dir='ltr'>ann.</span> <span class='ocrx_word' id='word_1_287' title='bbox 601 3959 692 4011; x_wconf 84' lang='lat' dir='ltr'>gymn.</span> <span class='ocrx_word' id='word_1_288' title='bbox 720 3940 810 3995; x_wconf 87' lang='lat' dir='ltr'>Berol.</span> <span class='ocrx_word' id='word_1_289' title='bbox 841 3943 910 3997; x_wconf 88' lang='grc'><strong>1877</strong></span> <span class='ocrx_word' id='word_1_290' title='bbox 935 3959 982 4011; x_wconf 85' lang='lat' dir='ltr'>pg.</span> <span class='ocrx_word' id='word_1_291' title='bbox 1011 3942 1062 3993; x_wconf 89' lang='grc'>700</span> <span class='ocrx_word' id='word_1_292' title='bbox 1090 3945 1119 3994; x_wconf 88' lang='grc'>61</span> <span class='ocrx_word' id='word_1_293' title='bbox 1142 3941 1174 3995; x_wconf 83' lang='lat' dir='ltr'>G.</span> <span class='ocrx_word' id='word_1_294' title='bbox 1201 3941 1288 4011; x_wconf 81' lang='lat' dir='ltr'>dung·</span> 
     </span>
     <span class='ocr_line' id='line_1_33' title="bbox 191 4037 930 4109; baseline 0.003 -19"><span class='ocrx_word' id='word_1_295' title='bbox 191 4037 334 4092; x_wconf 83' lang='lat' dir='ltr'>olausseno</span> <span class='ocrx_word' id='word_1_296' title='bbox 353 4039 382 4091; x_wconf 92' lang='lat' dir='ltr'>in</span> <span class='ocrx_word' id='word_1_297' title='bbox 402 4038 533 4093; x_wconf 84' lang='lat' dir='ltr'>Leutaohi</span> <span class='ocrx_word' id='word_1_298' title='bbox 551 4037 607 4092; x_wconf 89' lang='lat' dir='ltr'>ind.</span> <span class='ocrx_word' id='word_1_299' title='bbox 627 4039 695 4107; x_wconf 84' lang='lat' dir='ltr'>phil.</span> <span class='ocrx_word' id='word_1_300' title='bbox 718 4039 786 4092; x_wconf 90' lang='grc'><strong>1877</strong></span> <span class='ocrx_word' id='word_1_301' title='bbox 805 4056 850 4109; x_wconf 79' lang='lat' dir='ltr'>pg.</span> <span class='ocrx_word' id='word_1_302' title='bbox 869 4039 930 4092; x_wconf 83' lang='grc'><strong>684.</strong></span> 
     </span>
    </p>

    <p class='ocr_par' dir='ltr' id='par_1_7' title="bbox 291 4118 1287 4207">
     <span class='ocr_line' id='line_1_34' title="bbox 291 4118 1287 4207; baseline -0.002 -18"><span class='ocrx_word' id='word_1_303' title='bbox 291 4138 320 4207; x_wconf 88' lang='grc'>2)</span> <span class='ocrx_word' id='word_1_304' title='bbox 338 4136 470 4192; x_wconf 77' lang='lat' dir='ltr'>hadevioi</span> <span class='ocrx_word' id='word_1_305' title='bbox 494 4141 523 4192; x_wconf 85' lang='grc'>61</span> <span class='ocrx_word' id='word_1_306' title='bbox 540 4118 714 4191; x_wconf 83' lang='lat' dir='ltr'>Rothmaleri</span> <span class='ocrx_word' id='word_1_307' title='bbox 732 4136 750 4190; x_wconf 91' lang='lat' dir='ltr'>l.</span> <span class='ocrx_word' id='word_1_308' title='bbox 770 4138 787 4190; x_wconf 90' lang='grc' dir='ltr'>Ι.</span> <span class='ocrx_word' id='word_1_309' title='bbox 807 4155 853 4206; x_wconf 80' lang='lat' dir='ltr'>pg.</span> <span class='ocrx_word' id='word_1_310' title='bbox 874 4140 908 4191; x_wconf 92' lang='grc'>21</span> <span class='ocrx_word' id='word_1_311' title='bbox 929 4155 968 4206; x_wconf 82' lang='lat' dir='ltr'>sq.</span> <span class='ocrx_word' id='word_1_312' title='bbox 995 4140 1110 4206; x_wconf 85' lang='lat' dir='ltr'>peccata</span> <span class='ocrx_word' id='word_1_313' title='bbox 1127 4136 1287 4205; x_wconf 78' lang='lat' dir='ltr'>singillatim</span> 
     </span>
    </p>
   </div>
   <div class='ocr_carea' id='block_1_6' title="bbox 191 4234 1088 4385">
    <p class='ocr_par' dir='ltr' id='par_1_8' title="bbox 191 4234 1088 4385">
     <span class='ocr_line' id='line_1_35' title="bbox 191 4234 460 4305; baseline 0.004 -18"><span class='ocrx_word' id='word_1_314' title='bbox 191 4234 333 4305; x_wconf 82' lang='lat' dir='ltr'>corrigere</span> <span class='ocrx_word' id='word_1_315' title='bbox 351 4237 460 4290; x_wconf 82' lang='lat' dir='ltr'>omItto.</span> 
     </span>
     <span class='ocr_line' id='line_1_36' title="bbox 1071 4334 1088 4385; baseline 0 0"><span class='ocrx_word' id='word_1_316' title='bbox 1071 4334 1088 4385; x_wconf 84' lang='lat'>2</span> 
     </span>
    </p>
   </div>
   <div class='ocr_carea' id='block_1_7' title="bbox 0 0 1514 4756">
    <p class='ocr_par' dir='ltr' id='par_1_9' title="bbox 0 0 1514 4756">
     <span class='ocr_line' id='line_1_37' title="bbox 0 0 1514 4756; baseline 0 6"><span class='ocrx_word' id='word_1_317' title='bbox 0 0 1514 4756; x_wconf 95' lang='lat' dir='ltr'> </span> 
     </span>
    </p>
   </div>
  </div>
 </body>
</html>
