3020 4756
680 398 909 485 -eog

223 573 335 639 Ouidio
352 573 376 653 ¹)
418 573 489 638 inde
529 572 631 638 lubuit
666 573 768 654 poetis
802 571 899 637 verba
934 571 988 637 illa
1026 571 1185 637 carbasa
1220 573 1321 637 uenti

223 685 411 764 coniungere
429 684 460 747 iu
478 683 564 748 calce
583 682 767 760 hexametri,
791 700 853 761 qua
874 681 913 746 de
927 699 962 744 re
976 680 1191 760 similibusque
1213 680 1324 746 soller-

225 794 348 859 tissime
369 799 405 856 ut
429 792 592 857 consuevit
619 791 768 856 disseruit
798 792 834 856 A.
858 788 1063 871 Zingerleins¹
1079 810 1117 854 zu
1144 795 1243 872 spaet.
1268 790 1324 855 lat.

224 900 375 967 Dichtern
398 900 505 965 lnnbr.
519 901 600 964 1873
616 918 667 981 pg.
680 900 730 978 56,
752 899 805 963 ubi
822 904 963 964 nostrum
978 898 1076 964 addas
1097 898 1211 965 locum.
1234 897 1323 974 Quod

223 1028 298 1075 vero
324 1009 471 1076 accedere
493 1010 637 1075 videatur
659 1010 786 1090 gravius
812 1013 925 1089 aperta
947 1008 1158 1074 aemulatione
1184 1007 1325 1071 hemisti-

224 1119 327 1185 chium
350 1118 496 1183 dextrum
510 1118 629 1185 Orestis
651 1122 811 1183 auctorem
831 1118 1042 1198 desumpsisse
1064 1117 1237 1198 putandum
1257 1133 1325 1180 esse

225 1246 245 1291 a
265 1228 392 1293 Valerio
414 1230 528 1294 Flacco
549 1229 603 1308 IV,
627 1230 698 1307 422,
732 1228 790 1293 hoc
812 1246 925 1293 caveas
955 1247 994 1292 ne
1014 1246 1153 1310 premus3
1187 1244 1324 1306 namque

180 1374 187 1384 ι
224 1337 352 1404 anullo
375 1340 432 1403 nisi
460 1345 567 1404 aetate
597 1358 747 1420 proxume
768 1338 1005 1418 insequentibus
1032 1337 1117 1402 hunc
1149 1336 1324 1402 lectitatum

222 1466 292 1513 esse
312 1449 419 1514 statim
443 1454 555 1514 contra
579 1449 654 1513 dicit
668 1448 708 1513 G.
726 1447 910 1529 Meynckius
931 1453 1053 1528 quaest.
1077 1445 1181 1511 Valer.
1198 1444 1326 1510 Bonnae

224 1576 253 1621 a.
281 1558 361 1621 1865
384 1559 457 1622 edit.
480 1577 533 1640 pg.
558 1559 596 1621 31
609 1558 634 1640 a)
664 1567 695 1622 et
717 1556 820 1622 fateor
840 1558 924 1639 apud
947 1558 1101 1622 incertum
1123 1573 1173 1618 me
1195 1573 1257 1619 non
1280 1556 1326 1619 in·

223 1668 345 1731 venisse
370 1669 453 1733 unde
474 1665 598 1733 fortiter
625 1666 698 1732 huic
729 1667 927 1747 adversarer3
952 1683 1053 1745 neque
1070 1664 1221 1745 Peiperns
1236 1662 1324 1743 quid·
1386 1646 1389 1651 ⁴

223 1793 318 1855 quam
345 1795 383 1841 ex
406 1776 532 1841 Valerio
555 1776 727 1841 adnotavit.
762 1775 813 1839 Nil
835 1776 933 1856 igitur
955 1774 1157 1838 tribuendum
1181 1778 1230 1838 est
1244 1771 1324 1836 Bon-

222 1883 361 1965 garsiani
387 1885 457 1949 libri
480 1885 699 1966 corruptelae3
726 1904 809 1966 quae
830 1884 945 1965 quippe
973 1903 990 1947 e
1013 1901 1106 1946 versu
1129 1882 1229 1945 vicino
1251 1896 1325 1944 con-

221 1996 325 2056 tracta
354 1993 486 2074 impedit
501 1993 594 2058 simul
608 1993 774 2073 quominus
797 1994 870 2071 plus
891 1993 983 2072 spatii
1007 1991 1215 2056 concedamus
1237 1989 1325 2055 lacu-

223 2120 284 2168 nae
308 2121 404 2183 quam
435 2107 508 2167 ante
537 2104 621 2168 hunc
653 2120 779 2166 versum
801 2101 952 2166 indicavit
974 2101 1125 2181 Hagenus
1146 2100 1230 2180 apud
1254 2098 1326 2163 Pei·

224 2230 334 2293 pernm
352 2229 404 2292 pg.
416 2212 455 2275 45
468 2211 667 2292 tempestatis
688 2212 793 2276 subito
818 2215 944 2275 exortae
967 2213 1110 2275 statuens
1131 2208 1326 2274 intercidisse

224 2321 430 2400 mentionem3
451 2320 536 2400 quod
558 2337 620 2400 quo
643 2320 711 2385 iure
734 2318 843 2385 fecerit
865 2319 971 2383 uidere
992 2318 1049 2383 abs
1071 2336 1106 2381 re
1127 2320 1185 2381 est.

324 2426 448 2493 Etenim
472 2431 666 2509 propositum
694 2434 730 2494 ut
752 2429 953 2494 absolvamus
985 2428 1047 2492 iam
1074 2432 1180 2490 monet
1201 2427 1323 2491 charta.

223 2540 330 2618 Atque
351 2537 439 2603 inere
466 2540 560 2603 etiam
585 2542 652 2601 tum
676 2540 728 2617 qui
751 2539 891 2603 odissent
912 2537 1089 2616 audaciam3
1115 2541 1147 2600 et
1169 2535 1247 2599 nihil
1274 2536 1324 2599 in-

224 2651 310 2713 uenit
323 2647 470 2713 Sedulius
481 2648 539 2712 nisi
557 2647 767 2728 grandisonus
785 2649 812 2726 I,
826 2649 873 2721 18,
896 2646 973 2710 nihil
985 2645 1152 2728 Auspicius
1165 2646 1325 2708 Amoenus

225 2757 375 2821 Paulinus
400 2755 658 2823 Petricordiensis
682 2757 856 2835 Ennodius,
881 2757 958 2821 nihil
980 2756 1114 2835 denique
1135 2757 1260 2818 Arator.
1281 2754 1326 2817 At

226 2865 387 2931 Boethio
421 2867 451 2930 in
486 2865 628 2930 versibus
650 2883 727 2945 quos
756 2866 888 2931 inseruit
917 2864 1004 2928 libris
1036 2864 1075 2928 de
1111 2862 1325 2927 consolatione

224 2973 439 3057 philosophiae
458 2975 612 3040 audacter
628 2972 759 3039 conficta
775 2973 962 3055 placuerunt
980 2970 1185 3037 *irondilluus
1197 2972 1222 3049 Ι,
1238 2970 1267 3048 5,
1286 2969 1326 3032 14

225 3084 358 3150 brumae
380 3085 541 3165 epitheton
564 3088 597 3149 et
620 3085 838 3163 *herbipotens
859 3084 914 3163 IV,
937 3086 966 3163 3,
990 3088 1018 3147 9.
1063 3082 1122 3147 Est
1150 3097 1267 3146 novum
1293 3079 1325 3142 in

228 3193 369 3257 versibus
393 3195 464 3258 457.
507 3194 575 3259 Iam
598 3193 745 3274 quoniam
768 3192 960 3258 desiderabis
975 3191 1113 3256 carmina
1135 3185 1325 3255 codicisSal-

225 3302 357 3367 masiani
388 3302 437 3384 (A.
460 3303 496 3368 L.
521 3301 667 3385 7-389),
706 3304 794 3366 cuius
827 3320 909 3366 anno
929 3319 1011 3366 saec.
1035 3301 1134 3382 quinti
1167 3299 1325 3367 tricesimo

226 3411 292 3475 fere
314 3416 428 3490 quarto
451 3411 567 3476 iactam
595 3429 663 3476 esse
690 3412 828 3492 syllogeu
861 3415 893 3475 et
920 3411 991 3476 aliis
1012 3410 1181 3492 probatum
1204 3410 1327 3472 enatet

224 3597 422 3607 ----.-

329 3708 351 3771 1)
371 3704 404 3758 ci.
425 3707 457 3760 H.
478 3709 502 3772 7,
525 3709 583 3761 loo.
602 3708 634 3762 A.
655 3707 689 3760 A.
707 3706 740 3772 11,
762 3707 824 3761 336.
855 3705 932 3759 Rem.
952 3721 1004 3758 am.
1024 3703 1150 3759 53111.
1170 3705 1190 3772 l,
1208 3707 1234 3773 2,
1253 3707 1296 3761 91.

326 3801 354 3872 2)
374 3802 427 3869 Qui
444 3804 525 3872 plura
544 3808 641 3857 eontra
660 3803 837 3872 Meynckium
855 3803 964 3856 monuit
983 3800 1011 3855 Ο.
1024 3800 1203 3854 Schenkelins
1222 3802 1249 3853 in
1271 3808 1324 3855 act.

225 3916 266 3954 ac.
285 3897 405 3955 Vindob.
427 3901 493 3954 1871
513 3918 558 3970 pg.
579 3902 639 3968 306,
663 3917 707 3953 me
726 3900 837 3968 quidem
856 3898 948 3953 iudice
968 3915 1059 3967 neque
1080 3897 1202 3952 excussit
1219 3914 1277 3950 rem
1296 3902 1326 3950 st

224 3994 351 4050 fortuitis
378 3996 467 4064 magis
495 3995 597 4048 nititur
623 4011 706 4062 quam
733 3994 893 4047 manifestos
919 3992 1011 4046 adfert
1030 3992 1211 4059 imitationem
1243 3996 1325 4059 etque

226 4110 312 4145 unum
332 4098 363 4146 ut
382 4109 507 4162 promam
530 4093 577 4147 vix
596 4093 621 4146 ei
639 4093 735 4145 credes
755 4091 889 4145 statuenti
899 4089 1051 4143 Claudiano
1063 4089 1109 4142 IV.
1128 4104 1204 4141 cons.
1219 4088 1324 4141 Honor.

224 4205 249 4242 v.
272 4189 322 4242 143
341 4190 480 4260 (corniger
497 4190 645 4259 Hammon)
667 4188 793 4256 exemplo
820 4188 905 4242 fnisse
922 4186 1064 4241 Valerium
1084 4186 1198 4254 11482,
1222 4185 1245 4237 si
1265 4202 1319 4237 ine·

224 4285 338 4339 mineris
354 4287 391 4340 de
408 4287 502 4341 stabili
521 4286 603 4339 huius
620 4285 740 4354 epitheti
759 4302 810 4339 usu
829 4302 900 4352 quae
919 4283 1042 4337 diximus
1058 4300 1104 4352 pg.
1124 4284 1167 4336 27.
